<?xml version="1.0" encoding="UTF-8"?>
<alto xmlns:xsi="http://www.w3.org/2001/XMLSchema-instance"
      xmlns="http://www.loc.gov/standards/alto/ns-v4#"
      xsi:schemaLocation="http://www.loc.gov/standards/alto/ns-v4# http://www.loc.gov/standards/alto/v4/alto-4-2.xsd">
  <Description>
    <MeasurementUnit>pixel</MeasurementUnit>
    <sourceImageInformation>
      <fileName>Recueil_de_lettres_originales_et_[...]_btv1b525187271_169.jpeg</fileName>
      
    </sourceImageInformation>
  </Description>
  
  <Tags>
    <OtherTag ID="BT8348" LABEL="TitlePageZone" DESCRIPTION="block type TitlePageZone"/><OtherTag ID="BT8347" LABEL="TableZone" DESCRIPTION="block type TableZone"/><OtherTag ID="BT8346" LABEL="StampZone" DESCRIPTION="block type StampZone"/><OtherTag ID="BT8345" LABEL="SealZone" DESCRIPTION="block type SealZone"/><OtherTag ID="BT8344" LABEL="RunningTitleZone" DESCRIPTION="block type RunningTitleZone"/><OtherTag ID="BT8343" LABEL="QuireMarksZone" DESCRIPTION="block type QuireMarksZone"/><OtherTag ID="BT8342" LABEL="NumberingZone" DESCRIPTION="block type NumberingZone"/><OtherTag ID="BT8341" LABEL="MusicZone" DESCRIPTION="block type MusicZone"/><OtherTag ID="BT8340" LABEL="MarginTextZone" DESCRIPTION="block type MarginTextZone"/><OtherTag ID="BT8339" LABEL="MainZone" DESCRIPTION="block type MainZone"/><OtherTag ID="BT8338" LABEL="DropCapitalZone" DESCRIPTION="block type DropCapitalZone"/><OtherTag ID="BT8337" LABEL="DigitizationArtefactZone" DESCRIPTION="block type DigitizationArtefactZone"/><OtherTag ID="BT8336" LABEL="DecorationZone" DESCRIPTION="block type DecorationZone"/><OtherTag ID="BT8335" LABEL="DamageZone" DESCRIPTION="block type DamageZone"/><OtherTag ID="BT4" LABEL="Illustration" DESCRIPTION="block type Illustration"/><OtherTag ID="BT3" LABEL="Commentary" DESCRIPTION="block type Commentary"/><OtherTag ID="BT2" LABEL="Main" DESCRIPTION="block type Main"/><OtherTag ID="BT1" LABEL="Title" DESCRIPTION="block type Title"/>
    <OtherTag ID="LT2864" LABEL="default" DESCRIPTION="line type default"/><OtherTag ID="LT2847" LABEL="DropCapitalLine" DESCRIPTION="line type DropCapitalLine"/><OtherTag ID="LT2846" LABEL="DefaultLine" DESCRIPTION="line type DefaultLine"/><OtherTag ID="LT4" LABEL="Signature" DESCRIPTION="line type Signature"/><OtherTag ID="LT2" LABEL="Numbering" DESCRIPTION="line type Numbering"/><OtherTag ID="LT3" LABEL="Correction" DESCRIPTION="line type Correction"/><OtherTag ID="LT1" LABEL="Main" DESCRIPTION="line type Main"/><OtherTag ID="LT2849" LABEL="InterlinearLine" DESCRIPTION="line type InterlinearLine"/><OtherTag ID="LT2848" LABEL="HeadingLine" DESCRIPTION="line type HeadingLine"/>
  </Tags>
  
  <Layout>
    <Page WIDTH="2011"
          HEIGHT="2775"
          PHYSICAL_IMG_NR="3"
          ID="eSc_dummypage_">
      <PrintSpace HPOS="0"
                  VPOS="0"
                  WIDTH="2011"
                  HEIGHT="2775">
        
        <TextBlock HPOS="344"
                   VPOS="523"
                   WIDTH="1175"
                   HEIGHT="1587"
                   ID="eSc_textblock_bdbe8201"
                   TAGREFS="BT8339">
          <Shape><Polygon POINTS="359 523 344 2083 1492 2110 1519 540"/></Shape>
          
          
          <TextLine ID="eSc_line_2db048b0"
                    TAGREFS="LT2846"
                    BASELINE="368 625 1147 616 1506 599" 
                    HPOS="368"
                    VPOS="547"
                    WIDTH="1138"
                    HEIGHT="98">
            <Shape><Polygon POINTS="1475 558 1465 558 1463 558 1461 558 1451 562 1438 568 1431 562 1423 556 1421 556 1420 556 1380 556 1378 556 1338 564 1317 567 1301 564 1276 558 1275 558 1273 558 1272 558 1247 564 1241 565 1239 564 1213 547 1212 547 1210 547 1170 547 1168 547 1167 547 1165 547 1150 556 1124 548 1122 548 1121 548 1119 548 1118 548 1105 559 1087 548 1085 548 1084 548 959 550 957 550 912 567 877 551 875 551 874 551 872 551 842 568 821 579 721 576 710 570 684 556 683 556 649 556 647 556 646 556 616 570 590 585 393 587 370 573 368 625 368 645 425 636 464 645 468 645 470 645 504 644 621 636 664 639 707 642 709 642 743 638 795 629 879 633 936 636 937 636 1020 629 1084 624 1096 627 1122 635 1124 635 1125 635 1239 622 1266 621 1272 622 1300 630 1301 630 1303 630 1304 630 1341 621 1347 618 1506 615 1506 599 1503 562 1480 559 1477 559"/></Shape>
	    <String CONTENT="Monsieur la vostre derniere m&#x27;a"
                    HPOS="368"
                    VPOS="547"
                    WIDTH="1138"
                    HEIGHT="98"></String>
          </TextLine>

          
          
          <TextLine ID="eSc_line_b52bb080"
                    TAGREFS="LT2846"
                    BASELINE="380 715 1500 689" 
                    HPOS="377"
                    VPOS="622"
                    WIDTH="1123"
                    HEIGHT="119">
            <Shape><Polygon POINTS="380 715 380 724 408 733 410 733 411 733 476 724 508 741 510 741 512 741 641 727 730 735 732 735 734 735 777 716 777 715 843 715 845 715 866 730 868 730 869 730 871 730 872 730 874 730 897 716 916 727 917 727 919 727 920 727 922 727 942 713 959 721 960 721 962 721 1020 712 1102 727 1104 727 1198 724 1199 724 1233 709 1286 719 1287 719 1289 719 1326 704 1335 704 1398 703 1403 703 1468 718 1469 718 1471 718 1472 718 1500 701 1500 689 1495 642 1403 642 1332 622 1330 622 1329 622 1327 622 1326 622 1309 638 1269 644 1210 627 1209 627 1207 627 1205 627 1204 627 1176 647 1061 629 1059 629 1057 629 1016 652 973 630 971 630 970 630 912 632 911 632 909 632 899 641 838 633 837 633 835 633 834 633 798 658 697 659 695 659 666 638 664 638 663 638 641 638 640 638 592 639 590 639 589 639 550 662 549 664 441 666 437 666 427 658 425 658 424 658 422 658 377 666 380 715"/></Shape>
	    <String CONTENT="apris le malheureus sointibere quy"
                    HPOS="377"
                    VPOS="622"
                    WIDTH="1123"
                    HEIGHT="119"></String>
          </TextLine>

          
          
          <TextLine ID="eSc_line_7e4b9918"
                    TAGREFS="LT2846"
                    BASELINE="393 814 649 800 1477 773" 
                    HPOS="390"
                    VPOS="713"
                    WIDTH="1087"
                    HEIGHT="133">
            <Shape><Polygon POINTS="393 814 394 846 419 846 419 844 421 844 422 843 470 818 493 827 495 827 496 827 498 827 530 817 549 829 550 829 552 829 553 829 555 829 579 820 595 832 596 832 598 832 599 832 601 832 602 832 624 817 641 829 643 829 644 829 646 829 647 829 649 829 677 810 720 820 721 820 775 807 848 821 896 829 897 829 971 826 973 826 974 826 993 812 1014 800 1101 807 1116 807 1118 807 1119 807 1121 807 1122 806 1135 798 1190 798 1196 801 1202 806 1204 806 1205 806 1207 806 1209 806 1232 800 1244 797 1253 798 1307 815 1309 815 1310 815 1370 812 1372 812 1414 790 1421 786 1474 786 1477 773 1471 713 1429 715 1428 715 1426 715 1394 738 1323 738 1292 726 1290 726 1289 726 1287 726 1236 743 1202 730 1201 730 1199 730 1198 730 1153 746 1133 730 1125 724 1124 724 1122 724 1121 724 1065 727 1064 727 1062 727 1051 735 1028 750 1003 738 986 730 985 730 940 730 939 730 909 732 908 732 906 732 886 744 871 753 800 760 732 760 718 753 703 746 701 746 652 744 650 744 649 744 618 758 606 764 592 760 564 752 562 752 561 752 559 752 558 752 544 763 539 766 536 763 510 746 508 746 507 746 482 746 481 746 479 746 421 769 417 772 390 772 393 814"/></Shape>
	    <String CONTENT="est arivée à Metz et la mort par"
                    HPOS="390"
                    VPOS="713"
                    WIDTH="1087"
                    HEIGHT="133"></String>
          </TextLine>

          
          
          <TextLine ID="eSc_line_e042ff45"
                    TAGREFS="LT2846"
                    BASELINE="348 901 1017 889 1498 867" 
                    HPOS="345"
                    VPOS="807"
                    WIDTH="1153"
                    HEIGHT="114">
            <Shape><Polygon POINTS="348 901 348 909 419 909 479 921 481 921 482 921 484 921 496 912 539 920 541 920 542 920 569 909 602 918 604 918 606 918 658 908 681 917 683 917 684 917 798 898 800 898 801 898 1020 908 1022 908 1253 888 1309 892 1310 892 1312 892 1313 892 1321 884 1349 897 1350 897 1352 897 1354 897 1355 897 1372 883 1409 892 1411 892 1412 892 1414 892 1415 892 1432 881 1434 880 1497 878 1498 867 1491 807 1457 824 1408 810 1397 807 1395 807 1394 807 1392 807 1383 810 1337 832 1318 826 1317 826 1315 826 1313 826 1273 838 1204 818 1185 812 1184 812 1182 812 1181 812 1179 812 1168 818 1122 844 925 843 923 843 922 843 892 851 854 837 852 837 851 837 718 855 692 835 680 826 678 826 677 826 675 826 619 829 618 829 593 840 582 844 573 840 553 830 552 830 508 830 507 830 345 847 348 901"/></Shape>
	    <String CONTENT="iceluy du sieur de Beaumount en se"
                    HPOS="345"
                    VPOS="807"
                    WIDTH="1153"
                    HEIGHT="114"></String>
          </TextLine>

          
          
          <TextLine ID="eSc_line_e337f585"
                    TAGREFS="LT2846"
                    BASELINE="400 972 1105 975 1489 955" 
                    HPOS="400"
                    VPOS="898"
                    WIDTH="1089"
                    HEIGHT="102">
            <Shape><Polygon POINTS="1488 918 1445 898 1443 898 1403 898 1401 898 1400 898 1398 898 1366 918 1332 906 1330 906 1329 906 1327 906 1326 906 1307 920 1304 923 1199 923 1196 921 1173 901 1172 901 1170 901 1118 900 1116 900 1071 901 1070 901 1068 901 1044 923 1040 926 1005 926 1002 923 971 903 970 903 968 903 966 903 965 903 945 914 919 903 917 903 916 903 914 903 912 903 889 921 849 903 848 903 846 903 845 903 843 903 815 926 814 928 794 928 792 926 768 904 766 904 764 904 763 904 706 915 632 904 630 904 629 904 627 904 592 928 590 929 542 929 524 929 478 914 476 914 474 914 473 914 471 914 453 929 451 931 400 931 400 972 402 999 422 991 454 997 470 1000 471 1000 473 1000 482 997 522 983 619 992 621 992 623 992 641 986 647 992 653 997 653 999 655 999 656 999 658 1000 698 1000 698 999 700 999 701 999 710 991 727 980 758 980 788 988 789 988 791 988 834 980 845 988 855 997 857 997 858 997 860 997 966 995 968 995 1005 985 1011 983 1017 985 1061 995 1062 995 1064 995 1125 985 1161 994 1162 994 1164 994 1165 994 1167 994 1182 983 1221 989 1222 989 1224 989 1255 978 1256 978 1261 978 1363 992 1364 992 1366 992 1367 992 1386 975 1387 974 1488 972 1489 955 1488 918"/></Shape>
	    <String CONTENT="veue du sieur de Tilleule dount Je"
                    HPOS="400"
                    VPOS="898"
                    WIDTH="1089"
                    HEIGHT="102"></String>
          </TextLine>

          
          
          <TextLine ID="eSc_line_9fb4d84c"
                    TAGREFS="LT2846"
                    BASELINE="391 1062 1255 1051 1482 1036" 
                    HPOS="390"
                    VPOS="985"
                    WIDTH="1092"
                    HEIGHT="101">
            <Shape><Polygon POINTS="391 1062 391 1086 459 1086 459 1085 461 1085 467 1083 513 1066 522 1074 524 1074 525 1074 527 1074 570 1066 652 1076 653 1076 655 1076 656 1076 673 1065 714 1076 734 1080 735 1080 737 1080 738 1080 760 1074 791 1063 815 1073 818 1073 820 1073 821 1073 823 1073 825 1073 826 1071 843 1062 931 1062 945 1068 959 1073 960 1073 962 1073 963 1073 965 1073 973 1066 980 1060 990 1066 1008 1076 1010 1076 1011 1076 1013 1076 1034 1065 1045 1074 1045 1076 1047 1076 1048 1076 1050 1076 1124 1074 1125 1074 1150 1060 1159 1056 1168 1060 1195 1073 1196 1073 1198 1074 1244 1074 1244 1073 1246 1073 1280 1057 1283 1056 1286 1057 1324 1071 1326 1071 1327 1071 1329 1071 1330 1071 1352 1054 1380 1054 1414 1052 1415 1052 1429 1062 1431 1062 1432 1062 1434 1062 1435 1062 1437 1062 1437 1060 1446 1051 1448 1051 1480 1051 1482 1036 1474 988 1463 997 1452 989 1448 985 1446 985 1445 985 1443 985 1411 991 1332 1005 1290 994 1275 989 1273 989 1172 988 1170 988 1168 988 1167 988 1152 997 1144 1002 1130 999 1098 989 1096 989 1094 989 1093 989 1050 1000 1013 1011 943 1011 928 1003 920 1000 919 1000 917 1000 916 1000 897 1005 868 1012 855 1006 832 994 831 994 772 994 771 994 769 994 738 1009 730 1014 723 1009 718 1006 717 1006 715 1006 714 1006 712 1006 695 1011 675 1015 664 1011 641 1002 640 1002 638 1002 593 1011 516 999 515 999 513 999 471 1017 467 1020 390 1020 391 1062"/></Shape>
	    <String CONTENT="porte un extreme regret je trove"
                    HPOS="390"
                    VPOS="985"
                    WIDTH="1092"
                    HEIGHT="101"></String>
          </TextLine>

          
          
          <TextLine ID="eSc_line_d1f5b4c4"
                    TAGREFS="LT2846"
                    BASELINE="380 1150 902 1139 1482 1145" 
                    HPOS="379"
                    VPOS="1071"
                    WIDTH="1103"
                    HEIGHT="96">
            <Shape><Polygon POINTS="380 1150 380 1159 410 1167 411 1167 413 1167 430 1159 447 1153 482 1159 493 1160 495 1160 496 1160 498 1160 499 1159 507 1154 521 1159 542 1167 544 1167 545 1167 547 1167 562 1159 575 1153 610 1159 655 1167 656 1167 658 1167 660 1167 669 1159 675 1153 687 1159 692 1160 693 1160 695 1160 709 1159 743 1153 755 1159 771 1167 772 1167 774 1167 775 1167 777 1167 786 1159 788 1157 792 1159 809 1162 811 1162 812 1162 828 1159 855 1151 883 1159 888 1159 889 1159 891 1159 892 1159 894 1159 894 1157 905 1151 956 1157 968 1159 970 1159 979 1157 1019 1151 1028 1157 1037 1165 1039 1165 1040 1165 1042 1165 1044 1165 1061 1157 1077 1151 1101 1157 1116 1162 1118 1162 1119 1162 1121 1162 1138 1157 1161 1151 1176 1157 1193 1165 1195 1165 1196 1165 1269 1163 1270 1163 1283 1157 1289 1154 1295 1157 1309 1163 1310 1163 1312 1163 1480 1156 1482 1145 1477 1085 1458 1091 1446 1085 1418 1071 1417 1071 1415 1071 1343 1086 1335 1088 1333 1086 1315 1071 1313 1071 1312 1071 1310 1071 1309 1071 1272 1085 1242 1073 1241 1073 1189 1073 1187 1073 1185 1073 1184 1073 1164 1089 1153 1099 1127 1099 1114 1089 1093 1076 1091 1076 1090 1076 1088 1076 1087 1076 1065 1083 1054 1074 1054 1073 1053 1073 1051 1073 1010 1073 1008 1073 1007 1073 973 1093 968 1094 965 1093 922 1073 920 1073 919 1073 917 1073 852 1094 851 1094 849 1094 814 1079 812 1079 811 1079 809 1079 775 1096 710 1099 700 1096 629 1074 627 1074 569 1074 567 1074 565 1074 564 1074 532 1099 530 1100 379 1100 380 1150"/></Shape>
	    <String CONTENT="monsieur que mort ou vif vous feres"
                    HPOS="379"
                    VPOS="1071"
                    WIDTH="1103"
                    HEIGHT="96"></String>
          </TextLine>

          
          
          <TextLine ID="eSc_line_23bb1646"
                    TAGREFS="LT2846"
                    BASELINE="382 1233 838 1221 1480 1216" 
                    HPOS="380"
                    VPOS="1159"
                    WIDTH="1100"
                    HEIGHT="99">
            <Shape><Polygon POINTS="382 1233 382 1258 533 1236 556 1251 558 1251 559 1251 561 1251 599 1250 601 1250 638 1233 724 1245 726 1245 727 1245 769 1230 858 1230 875 1244 877 1245 879 1245 880 1245 882 1245 883 1245 885 1245 888 1244 911 1230 925 1237 926 1237 928 1239 928 1237 929 1237 945 1230 974 1231 985 1241 991 1247 993 1247 994 1247 996 1247 997 1247 999 1247 1010 1239 1019 1234 1067 1237 1088 1239 1090 1239 1091 1239 1093 1239 1094 1237 1108 1227 1136 1227 1153 1236 1173 1245 1175 1245 1176 1247 1235 1247 1235 1245 1236 1245 1270 1231 1286 1227 1300 1231 1337 1242 1338 1242 1340 1242 1341 1242 1343 1242 1360 1231 1417 1241 1418 1241 1478 1225 1480 1216 1474 1163 1458 1168 1452 1163 1446 1159 1445 1159 1443 1159 1441 1159 1440 1159 1421 1165 1397 1171 1364 1167 1355 1165 1354 1165 1352 1165 1347 1167 1312 1177 1293 1168 1280 1160 1278 1160 1276 1160 1275 1160 1273 1160 1261 1168 1249 1177 1152 1179 1142 1171 1127 1159 1125 1159 1124 1159 1102 1159 1101 1159 1099 1159 1098 1159 1081 1173 1056 1159 1054 1159 1053 1159 1051 1159 956 1167 838 1162 837 1162 835 1162 834 1162 806 1180 800 1185 791 1180 772 1174 771 1174 769 1174 712 1184 709 1184 707 1184 701 1177 700 1177 698 1177 697 1177 695 1177 693 1177 686 1184 683 1187 673 1184 644 1176 643 1176 641 1176 640 1176 604 1187 601 1187 598 1187 569 1176 567 1176 565 1176 564 1176 527 1188 525 1188 493 1177 491 1177 490 1177 488 1177 464 1190 462 1191 380 1191 382 1233"/></Shape>
	    <String CONTENT="punir celuy quy l&#x27;a tué puis qu&#x27;il a"
                    HPOS="380"
                    VPOS="1159"
                    WIDTH="1100"
                    HEIGHT="99"></String>
          </TextLine>

          
          
          <TextLine ID="eSc_line_55d1adcd"
                    TAGREFS="LT2846"
                    BASELINE="371 1313 1053 1310 1478 1288" 
                    HPOS="370"
                    VPOS="1233"
                    WIDTH="1108"
                    HEIGHT="114">
            <Shape><Polygon POINTS="371 1313 371 1333 387 1341 388 1341 390 1341 391 1341 417 1333 434 1347 436 1347 437 1347 439 1347 547 1345 549 1345 584 1327 595 1321 607 1325 619 1330 621 1330 623 1330 624 1330 626 1330 632 1325 643 1319 686 1319 692 1324 697 1328 698 1328 700 1328 701 1328 758 1322 761 1322 808 1341 809 1341 811 1341 812 1341 857 1319 865 1316 869 1319 894 1339 896 1339 897 1339 899 1339 931 1338 933 1338 934 1338 934 1336 957 1318 957 1316 959 1318 979 1327 980 1327 982 1327 983 1327 1005 1316 1031 1333 1033 1333 1034 1333 1036 1333 1067 1332 1068 1332 1070 1332 1087 1316 1159 1335 1161 1335 1162 1335 1198 1333 1199 1333 1201 1333 1238 1310 1239 1310 1241 1310 1259 1316 1261 1316 1263 1316 1304 1308 1309 1308 1310 1308 1333 1321 1335 1321 1337 1321 1338 1321 1340 1321 1358 1307 1360 1305 1478 1304 1478 1288 1474 1239 1411 1251 1383 1241 1377 1239 1375 1239 1374 1239 1372 1239 1366 1242 1333 1258 1313 1244 1303 1236 1301 1236 1300 1236 1298 1236 1296 1236 1295 1236 1283 1245 1261 1259 1230 1259 1201 1247 1165 1233 1164 1233 1162 1233 1161 1233 1159 1233 1141 1248 1127 1262 1024 1262 993 1254 940 1239 939 1239 937 1239 936 1239 875 1258 849 1267 808 1267 798 1261 774 1241 772 1241 771 1241 769 1241 660 1242 658 1242 656 1242 629 1264 616 1254 615 1254 613 1254 612 1254 610 1254 592 1265 561 1244 559 1244 558 1244 556 1244 481 1245 479 1245 428 1271 425 1274 370 1274 371 1313"/></Shape>
	    <String CONTENT="passé par desus les deffenses que"
                    HPOS="370"
                    VPOS="1233"
                    WIDTH="1108"
                    HEIGHT="114"></String>
          </TextLine>

          
          
          <TextLine ID="eSc_line_1e2ee525"
                    TAGREFS="LT2846"
                    BASELINE="390 1401 1238 1384 1492 1369" 
                    HPOS="388"
                    VPOS="1316"
                    WIDTH="1104"
                    HEIGHT="113">
            <Shape><Polygon POINTS="390 1401 391 1429 451 1410 488 1426 490 1426 491 1426 493 1426 495 1426 496 1426 524 1407 581 1413 582 1413 584 1413 586 1413 586 1412 593 1404 666 1404 686 1418 687 1419 689 1419 690 1419 692 1419 693 1419 703 1416 741 1402 772 1413 784 1418 786 1418 788 1419 845 1419 845 1418 846 1418 848 1418 857 1410 872 1399 909 1406 911 1406 912 1406 931 1398 945 1407 946 1409 948 1409 949 1409 951 1409 953 1409 963 1406 982 1401 986 1406 997 1413 999 1413 1000 1413 1002 1413 1003 1413 1042 1402 1045 1402 1047 1402 1061 1412 1062 1412 1064 1412 1065 1413 1114 1413 1114 1412 1116 1412 1118 1412 1127 1404 1161 1410 1162 1410 1164 1410 1165 1410 1182 1398 1190 1392 1196 1396 1215 1409 1216 1409 1218 1409 1219 1410 1247 1410 1247 1409 1292 1407 1293 1407 1327 1392 1333 1389 1349 1390 1392 1396 1394 1396 1492 1384 1492 1369 1489 1327 1461 1321 1460 1321 1418 1328 1378 1336 1369 1330 1364 1327 1363 1327 1361 1327 1360 1327 1358 1327 1357 1327 1352 1330 1343 1339 1309 1339 1298 1333 1276 1316 1275 1316 1273 1316 1272 1316 1270 1316 1250 1324 1210 1318 1209 1318 1207 1318 1170 1336 1158 1342 1138 1338 1074 1322 1073 1322 1071 1322 1027 1341 1024 1342 1022 1341 990 1322 988 1322 986 1322 985 1322 983 1322 943 1344 937 1347 931 1344 900 1330 899 1330 897 1330 806 1347 789 1339 788 1339 786 1339 784 1339 766 1345 743 1328 741 1328 740 1328 738 1328 589 1332 587 1332 586 1332 586 1333 559 1356 558 1356 524 1345 522 1345 521 1345 519 1345 487 1358 487 1359 388 1361 390 1401"/></Shape>
	    <String CONTENT="vous luy avés fetes c&#x27;est un homme"
                    HPOS="388"
                    VPOS="1316"
                    WIDTH="1104"
                    HEIGHT="113"></String>
          </TextLine>

          
          
          <TextLine ID="eSc_line_1aa8dba6"
                    TAGREFS="LT2846"
                    BASELINE="370 1495 1147 1470 1478 1467" 
                    HPOS="368"
                    VPOS="1402"
                    WIDTH="1110"
                    HEIGHT="115">
            <Shape><Polygon POINTS="370 1495 370 1504 458 1517 459 1517 461 1517 462 1517 485 1503 530 1507 532 1507 576 1500 587 1498 596 1500 640 1507 641 1507 643 1507 664 1498 689 1510 690 1510 692 1510 693 1510 695 1510 695 1509 710 1496 712 1495 723 1496 791 1504 792 1504 794 1504 795 1504 808 1493 811 1490 896 1490 899 1492 912 1501 914 1501 916 1501 917 1501 919 1501 946 1493 960 1500 962 1500 963 1500 965 1500 985 1489 990 1487 996 1489 1025 1500 1027 1500 1028 1500 1067 1492 1130 1498 1131 1498 1209 1487 1335 1492 1337 1492 1338 1492 1340 1492 1357 1480 1358 1480 1363 1480 1440 1489 1441 1489 1443 1489 1478 1476 1478 1467 1474 1422 1406 1422 1370 1404 1369 1404 1367 1404 1366 1404 1313 1426 1313 1427 1275 1427 1184 1429 1124 1402 1122 1402 1121 1402 1119 1402 1044 1433 976 1416 974 1416 973 1416 943 1422 906 1409 905 1409 903 1409 902 1409 900 1409 858 1435 837 1422 835 1422 834 1422 794 1430 769 1413 768 1413 766 1413 764 1413 630 1416 629 1416 575 1447 573 1447 556 1447 535 1447 493 1421 491 1421 490 1421 488 1421 428 1422 427 1422 425 1422 393 1452 391 1453 368 1453 370 1495"/></Shape>
	    <String CONTENT="d&#x27;exemple &amp; quy servira pour tenir"
                    HPOS="368"
                    VPOS="1402"
                    WIDTH="1110"
                    HEIGHT="115"></String>
          </TextLine>

          
          
          <TextLine ID="eSc_line_e9d6e451"
                    TAGREFS="LT2846"
                    BASELINE="371 1569 1051 1572 1460 1543" 
                    HPOS="370"
                    VPOS="1501"
                    WIDTH="1090"
                    HEIGHT="97">
            <Shape><Polygon POINTS="371 1569 371 1581 422 1581 436 1591 437 1591 439 1591 441 1591 442 1591 473 1583 504 1592 505 1592 507 1592 644 1584 757 1598 758 1598 760 1598 761 1598 789 1577 812 1595 814 1595 815 1595 817 1595 894 1586 957 1595 959 1595 1071 1592 1073 1592 1108 1572 1135 1589 1136 1589 1138 1589 1189 1591 1190 1591 1192 1591 1226 1581 1263 1587 1264 1587 1266 1587 1312 1566 1460 1563 1460 1543 1455 1501 1332 1513 1298 1506 1295 1506 1293 1506 1292 1506 1290 1506 1276 1517 1256 1507 1253 1506 1252 1506 1185 1506 1184 1506 1182 1506 1181 1506 1175 1510 1145 1527 1054 1527 993 1517 991 1517 990 1517 988 1517 986 1517 974 1526 960 1518 949 1510 948 1510 946 1510 945 1510 943 1510 919 1518 888 1530 843 1530 831 1521 818 1512 817 1512 815 1512 761 1512 760 1512 758 1512 757 1512 740 1524 729 1533 652 1533 633 1529 590 1515 589 1515 587 1515 586 1515 564 1524 547 1517 545 1517 544 1517 542 1517 541 1517 521 1532 493 1521 491 1521 490 1521 488 1521 487 1521 468 1533 465 1537 458 1535 419 1524 417 1524 416 1524 414 1524 370 1537 371 1569"/></Shape>
	    <String CONTENT="a l&#x27;avenir les atres en devouer"
                    HPOS="370"
                    VPOS="1501"
                    WIDTH="1090"
                    HEIGHT="97"></String>
          </TextLine>

          
          
          <TextLine ID="eSc_line_4cf96fd1"
                    TAGREFS="LT2846"
                    BASELINE="360 1661 508 1654 1091 1651 1471 1634" 
                    HPOS="359"
                    VPOS="1578"
                    WIDTH="1112"
                    HEIGHT="107">
            <Shape><Polygon POINTS="360 1661 362 1685 417 1666 442 1674 444 1674 445 1674 525 1663 567 1674 569 1674 570 1674 572 1674 573 1674 584 1665 623 1665 636 1678 643 1683 644 1683 646 1683 647 1685 692 1685 692 1683 693 1683 718 1675 761 1663 808 1674 826 1677 828 1677 829 1677 831 1677 835 1672 843 1666 854 1672 866 1678 868 1678 869 1678 912 1671 922 1669 923 1671 934 1678 936 1678 937 1678 939 1678 1024 1677 1025 1677 1027 1677 1040 1668 1051 1660 1061 1666 1064 1669 1065 1669 1067 1669 1068 1669 1070 1669 1071 1669 1074 1666 1082 1661 1110 1666 1128 1668 1130 1668 1131 1668 1138 1665 1164 1652 1179 1663 1184 1668 1185 1668 1187 1668 1189 1668 1190 1668 1210 1663 1216 1661 1218 1663 1227 1669 1229 1669 1230 1669 1232 1669 1233 1669 1235 1669 1246 1661 1261 1652 1281 1661 1287 1663 1289 1663 1290 1663 1292 1663 1296 1660 1318 1649 1469 1655 1471 1634 1466 1578 1415 1580 1414 1580 1412 1580 1391 1598 1352 1586 1350 1586 1349 1586 1306 1591 1304 1591 1303 1591 1289 1603 1275 1594 1273 1594 1272 1594 1270 1594 1269 1594 1242 1606 1164 1600 1162 1600 1093 1612 994 1612 970 1600 968 1600 966 1600 965 1600 963 1600 948 1612 931 1604 929 1604 928 1604 926 1604 925 1604 925 1606 916 1614 891 1606 889 1606 888 1606 846 1614 789 1601 788 1601 786 1601 754 1615 672 1618 649 1603 635 1594 633 1594 632 1594 598 1594 596 1594 595 1594 556 1606 555 1606 552 1606 516 1603 515 1603 513 1603 512 1603 507 1607 501 1612 493 1607 470 1597 468 1597 467 1597 376 1598 374 1598 373 1598 359 1607 360 1661"/></Shape>
	    <String CONTENT="Il ne sera portent pourveu a la"
                    HPOS="359"
                    VPOS="1578"
                    WIDTH="1112"
                    HEIGHT="107"></String>
          </TextLine>

          
          
          <TextLine ID="eSc_line_e974a367"
                    TAGREFS="LT2846"
                    BASELINE="362 1742 1474 1723" 
                    HPOS="360"
                    VPOS="1671"
                    WIDTH="1114"
                    HEIGHT="94">
            <Shape><Polygon POINTS="362 1742 362 1765 422 1765 424 1765 454 1749 550 1759 552 1759 553 1759 576 1748 624 1757 626 1757 700 1749 718 1755 729 1760 730 1760 732 1760 734 1760 749 1755 778 1746 811 1754 829 1757 831 1757 903 1751 1013 1740 1027 1746 1042 1754 1044 1754 1045 1754 1116 1745 1181 1752 1182 1752 1184 1752 1185 1752 1202 1742 1210 1737 1275 1739 1432 1745 1434 1745 1435 1745 1474 1732 1474 1723 1469 1674 1343 1688 1327 1677 1320 1671 1318 1671 1317 1671 1315 1671 1313 1671 1312 1671 1303 1678 1284 1689 1209 1681 1182 1678 1181 1678 1179 1678 1172 1681 1153 1692 1008 1695 954 1695 943 1689 919 1674 917 1674 916 1674 866 1674 865 1674 863 1674 862 1674 843 1688 800 1675 798 1675 734 1675 732 1675 730 1675 678 1697 677 1697 675 1697 636 1685 635 1685 633 1685 632 1685 604 1698 601 1700 596 1700 549 1689 547 1689 545 1689 544 1689 524 1702 522 1703 499 1703 498 1702 464 1680 462 1680 461 1680 459 1680 396 1681 394 1681 393 1681 360 1702 362 1742"/></Shape>
	    <String CONTENT="service que led. Beaumount avoit et"
                    HPOS="360"
                    VPOS="1671"
                    WIDTH="1114"
                    HEIGHT="94"></String>
          </TextLine>

          
          
          <TextLine ID="eSc_line_0555d533"
                    TAGREFS="LT2846"
                    BASELINE="368 1826 743 1829 1458 1806" 
                    HPOS="367"
                    VPOS="1746"
                    WIDTH="1091"
                    HEIGHT="116">
            <Shape><Polygon POINTS="368 1826 368 1862 411 1862 413 1862 414 1862 439 1842 479 1842 491 1851 491 1853 493 1853 495 1853 496 1853 541 1846 562 1856 567 1857 569 1857 570 1857 572 1857 573 1857 575 1856 592 1843 606 1854 607 1856 609 1856 610 1856 612 1857 672 1857 672 1856 673 1856 689 1851 698 1848 709 1850 734 1854 735 1854 737 1854 754 1848 775 1839 789 1846 801 1853 803 1853 805 1853 806 1853 828 1845 829 1845 874 1851 875 1851 877 1851 879 1851 879 1850 888 1842 892 1837 931 1833 954 1839 985 1848 986 1848 988 1848 990 1848 1024 1836 1048 1828 1084 1834 1099 1836 1101 1836 1119 1833 1152 1825 1164 1829 1178 1836 1179 1836 1181 1836 1182 1836 1202 1829 1229 1842 1230 1842 1232 1843 1275 1843 1275 1842 1276 1842 1323 1823 1329 1820 1375 1820 1378 1822 1400 1834 1401 1834 1403 1834 1404 1834 1406 1834 1458 1817 1458 1806 1451 1752 1443 1759 1435 1752 1428 1746 1426 1746 1424 1746 1423 1746 1394 1748 1392 1748 1364 1755 1306 1772 1287 1759 1286 1759 1284 1759 1283 1759 1281 1759 1213 1772 1192 1762 1175 1752 1173 1752 1172 1752 1170 1752 1168 1752 1153 1762 1147 1766 1119 1763 1053 1755 1051 1755 1050 1755 1048 1755 1031 1766 1011 1779 983 1768 976 1765 974 1765 973 1765 971 1765 963 1768 949 1776 916 1769 909 1769 908 1769 906 1769 903 1771 874 1785 786 1785 764 1776 741 1763 740 1763 738 1763 737 1763 735 1763 720 1776 715 1779 673 1779 672 1779 670 1779 669 1779 658 1789 527 1791 516 1783 499 1769 498 1769 496 1769 495 1769 400 1771 399 1771 367 1786 368 1826"/></Shape>
	    <String CONTENT="que le capitene n&#x27;en seriet averty"
                    HPOS="367"
                    VPOS="1746"
                    WIDTH="1091"
                    HEIGHT="116"></String>
          </TextLine>

          
          
          <TextLine ID="eSc_line_721a3536"
                    TAGREFS="LT2846"
                    BASELINE="374 1917 488 1910 1474 1902" 
                    HPOS="373"
                    VPOS="1853"
                    WIDTH="1101"
                    HEIGHT="86">
            <Shape><Polygon POINTS="374 1917 376 1936 414 1925 444 1934 448 1936 450 1936 451 1936 453 1936 459 1934 488 1925 501 1933 502 1933 504 1933 505 1933 507 1933 539 1925 549 1933 552 1934 553 1934 555 1934 556 1934 558 1934 559 1934 559 1933 561 1931 575 1919 624 1917 641 1930 643 1931 644 1931 646 1931 647 1931 649 1931 655 1930 677 1922 686 1928 693 1934 695 1934 697 1934 698 1934 730 1928 735 1927 737 1927 751 1937 752 1937 754 1937 755 1939 858 1939 858 1937 860 1937 889 1924 902 1917 945 1922 951 1922 953 1922 954 1922 956 1922 973 1914 1025 1914 1039 1920 1073 1934 1074 1934 1076 1934 1077 1934 1096 1925 1139 1934 1141 1934 1142 1934 1187 1916 1192 1914 1195 1916 1212 1924 1213 1924 1215 1924 1216 1924 1250 1914 1259 1913 1272 1914 1321 1920 1323 1920 1324 1920 1326 1920 1337 1913 1374 1927 1375 1927 1377 1927 1474 1908 1474 1902 1469 1859 1394 1865 1377 1860 1354 1853 1352 1853 1350 1853 1349 1853 1326 1860 1321 1862 1315 1860 1273 1853 1272 1853 1270 1853 1239 1862 1216 1871 1096 1871 1087 1865 1068 1856 1067 1856 1065 1856 963 1857 962 1857 960 1857 946 1868 945 1870 936 1868 908 1863 906 1863 905 1863 888 1870 875 1873 860 1870 806 1859 805 1859 734 1873 718 1874 681 1873 400 1860 399 1860 397 1860 396 1860 373 1874 374 1917"/></Shape>
	    <String CONTENT="ce que je m&#x27;aseure aimera mie"
                    HPOS="373"
                    VPOS="1853"
                    WIDTH="1101"
                    HEIGHT="86"></String>
          </TextLine>

          
          
          <TextLine ID="eSc_line_a211bcc4"
                    TAGREFS="LT2846"
                    BASELINE="368 1998 1454 1981" 
                    HPOS="367"
                    VPOS="1934"
                    WIDTH="1087"
                    HEIGHT="88">
            <Shape><Polygon POINTS="368 1998 368 2013 422 2022 424 2022 425 2022 427 2022 441 2011 444 2010 445 2011 456 2019 458 2019 459 2019 461 2019 498 2011 510 2008 518 2011 542 2021 544 2021 545 2021 616 2008 630 2007 638 2008 675 2018 677 2018 678 2018 763 2005 780 2004 783 2005 794 2014 794 2016 795 2016 797 2016 798 2018 829 2018 829 2016 831 2016 862 2004 868 2002 880 2004 957 2014 959 2014 1057 2004 1067 2010 1068 2010 1070 2010 1071 2010 1073 2010 1074 2010 1088 1999 1090 1999 1098 1999 1239 2010 1241 2010 1298 1998 1324 2008 1326 2008 1327 2008 1329 2008 1330 2008 1350 1996 1387 2004 1389 2004 1454 1991 1454 1981 1449 1944 1415 1947 1411 1944 1400 1936 1398 1936 1397 1936 1395 1936 1352 1945 1320 1953 1110 1954 1088 1951 1010 1934 1008 1934 1007 1934 1005 1934 977 1953 973 1954 948 1954 948 1953 922 1936 920 1936 919 1936 860 1936 858 1936 857 1936 820 1956 818 1956 761 1948 760 1948 701 1956 684 1948 683 1948 681 1948 680 1948 652 1961 646 1962 641 1961 616 1951 615 1951 613 1951 578 1959 558 1942 556 1942 555 1942 487 1942 485 1942 448 1944 447 1944 445 1944 421 1965 419 1967 367 1967 368 1998"/></Shape>
	    <String CONTENT="de le donner a saint frere a moint"
                    HPOS="367"
                    VPOS="1934"
                    WIDTH="1087"
                    HEIGHT="88"></String>
          </TextLine>

          
          
          <TextLine ID="eSc_line_38b600a2"
                    TAGREFS="LT2846"
                    BASELINE="374 2059 1474 2064" 
                    HPOS="373"
                    VPOS="2005"
                    WIDTH="1101"
                    HEIGHT="104">
            <Shape><Polygon POINTS="374 2059 373 2104 718 2105 720 2105 721 2105 740 2098 777 2082 1008 2082 1022 2092 1024 2093 1025 2093 1027 2093 1028 2093 1030 2093 1034 2092 1048 2087 1062 2092 1093 2101 1094 2101 1096 2101 1144 2090 1167 2084 1185 2088 1255 2109 1256 2109 1258 2109 1375 2085 1472 2082 1474 2064 1472 2025 1398 2025 1397 2024 1374 2007 1372 2007 1370 2007 1369 2007 1309 2014 1280 2007 1278 2007 1276 2007 1275 2007 1244 2024 1182 2024 1107 2005 1105 2005 1042 2016 994 2005 993 2005 991 2005 953 2022 897 2022 879 2005 877 2005 875 2005 840 2005 838 2005 837 2005 835 2005 817 2018 801 2007 800 2007 798 2007 797 2007 795 2007 768 2022 766 2022 747 2022 652 2014 650 2014 558 2021 550 2021 549 2021 527 2007 525 2007 524 2007 522 2007 521 2007 519 2007 505 2018 474 2011 473 2011 471 2011 445 2021 442 2021 374 2021 374 2059"/></Shape>
	    <String CONTENT="avis que mil autre s&#x27;aimés le mort"
                    HPOS="373"
                    VPOS="2005"
                    WIDTH="1101"
                    HEIGHT="104"></String>
          </TextLine>

          
        </TextBlock>
        
        <TextBlock HPOS="1714"
                   VPOS="135"
                   WIDTH="73"
                   HEIGHT="59"
                   ID="eSc_textblock_df18a1d4"
                   TAGREFS="BT8342">
          <Shape><Polygon POINTS="1714 135 1714 194 1787 194 1787 135"/></Shape>
          
          
          <TextLine ID="eSc_line_d8de8808"
                    TAGREFS="LT2846"
                    BASELINE="1723 179 1779 172" 
                    HPOS="1712"
                    VPOS="101"
                    WIDTH="65"
                    HEIGHT="102">
            <Shape><Polygon POINTS="1721 178 1724 203 1777 198 1777 171 1763 101 1712 122 1721 178"/></Shape>
	    <String CONTENT="80"
                    HPOS="1712"
                    VPOS="101"
                    WIDTH="65"
                    HEIGHT="102"></String>
          </TextLine>

          
        </TextBlock>
        
        <TextBlock HPOS="305"
                   VPOS="462"
                   WIDTH="187"
                   HEIGHT="187"
                   ID="eSc_textblock_fc44827d"
                   TAGREFS="BT8346">
          <Shape><Polygon POINTS="322 479 305 557 327 620 397 649 475 613 492 552 477 482 412 462"/></Shape>
          
        </TextBlock>
        

        
      </PrintSpace>
    </Page>
  </Layout>
</alto>
