2025 2792
508 245 1188 94 Monsieur Suynant Louis que vous avés prins avec

532 370 1229 95 monsieur de Rosuy le roy trouve bon que la conduite

521 499 1213 104 du prisonnier se face par eaux se remettant

552 617 1176 93 a nous neantmoings que la conduicte se face par

572 722 1144 103 terres jugeons qu'il le faille fere pour le bien

566 862 1201 82 de son service. Il trouve bon que ayes cent hommes

571 975 1125 82 de la compagnie de mons. Clarquien et

558 1096 1161 84 aue vous ayés un basteau pres de celuy ou sera

583 1214 1128 118 le presonnier >le lieutenant< le S^t Rapin avec

578 1344 1110 132 les arosers de la connestablye et le lieutenant

564 1492 1076 110 de robbe ceurte se trouveront pres de vous

571 1610 1053 110 comme aussi feront les deux compagnies de

560 1745 1055 99 Suyssen je dy sye aux capitaines de vous

567 1858 1020 77 aller trouver le roy veult qu'il ne sobmecte

555 1962 1078 99 rien en cest affere a ce qu'elle soit conduicte

581 2072 613 74 avec toute seurete sur ce

547 2171 1104 113 Monsieur Le Nace commande bien humblement

536 2286 1169 99 une bonne grace priant dieu de vous donner longue

561 2363 1122 97 et contente vie de Paris le XXVII jour de juillet 1602

580 2461 954 121 ez vous humble et plus affect homme a vous fere service

1536 2450 203 134 Bellieute

1719 114 49 65 45
