2013 2779
273 256 1451 99 Monsieur. C'est ici la sinquesme lettre que je vous

257 368 1430 107 ay escrite sans avoir response à une seule

281 455 1440 140 Je ne me puis lasser de vous tesmoignes combien

279 557 1391 133 je me suis obligé à nostre amtitié et jointé

264 657 1452 147 j'en desire sa conservation avec passion. Ceste presente lettre

264 748 1444 169 vous dira des nouvelles de ce Royauté et de

259 881 1455 153 la vie que j'i fais et particulierement de ce qui s'y

264 960 1470 177 fit faire prisonnier de la Bastile. Vous assurant

267 1076 1458 174 que leur infidelité n'y est pas moins detestée >que< ny

256 1202 1455 142 admirée. Si sa Majesté croit le conseil de sa Reine,

262 1286 1448 165 elle ne se laschera pas asement. C'est un oracle

262 1386 1421 173 en matiere de conspirations et de rebellions en

254 1505 1453 163 aiant tant unité en sa vie qu'elle y sait tous

250 1581 1434 211 les remedes & les voies que l'on y doibt tenir

245 1683 1466 222 si ce malheur nous attiroit à la queste. Ce que

250 1800 1413 183 je ne puis croire rien le bon ordre que le Roy y a

250 1894 1466 197 mis & le peu de saincté qu'il doibt avoir. Je supplierai

248 2010 1414 171 sa Majesté de me tirer d'ici. Vous etes obligés selon

251 2113 1440 164 nostre façon de le lui dire et prendrés garde s'il

248 2204 1454 190 vous plaist au contentement qu'il aura de sa lettre que

248 2314 1394 160 je l'a escris et a celui qu'il à devra en ceste charge

1759 67 37 87 50
