2039 2804
685 520 1071 114 & honore tous ceus a quy il aparti

684 596 1060 131 ont quy me fera toujour desirer

676 672 1059 148 leur countentement & quitement

679 763 1088 142 Il n'y auroiet que vostre priere elle

668 859 1073 133 sera d'amour si puisante envers

646 944 1126 135 moy que par mes actieuns vous

651 1054 1104 126 me jurerez fort curieus de avancer

667 1149 870 114 vos bonnes omes & >freres<

1627 1130 123 75 de

720 1224 1049 121 vous resmonter moint service Je

673 1322 1102 132 suis atandant aveques inpasianse

678 1414 1055 123 des nouveles de ce qu'aura fet monsieur

662 1478 1105 159 de Bovesile en la procedure des aides

664 1576 1063 159 Je vous suplie m'en donner des

685 1655 1056 147 nouveles et vous aseureer que je

664 1775 519 123 sere pour james

1138 1747 620 180 Votre plus affectant et

634 1855 327 142 Mousieur

1176 1859 584 136 fidele serviteye

570 2011 486 120 resrusser a Paris

1178 1934 554 199 Louis de La Valette
