<?xml version="1.0" encoding="UTF-8"?>
<alto xmlns:xsi="http://www.w3.org/2001/XMLSchema-instance"
      xmlns="http://www.loc.gov/standards/alto/ns-v4#"
      xsi:schemaLocation="http://www.loc.gov/standards/alto/ns-v4# http://www.loc.gov/standards/alto/v4/alto-4-2.xsd">
  <Description>
    <MeasurementUnit>pixel</MeasurementUnit>
    <sourceImageInformation>
      <fileName>Français 4108_f23.jpg</fileName>
      
    </sourceImageInformation>
  </Description>
  
  <Tags>
    <OtherTag ID="BT6175" LABEL="NumberingZone" DESCRIPTION="block type NumberingZone"/><OtherTag ID="BT6174" LABEL="MusicZone" DESCRIPTION="block type MusicZone"/><OtherTag ID="BT6173" LABEL="MarginTextZone" DESCRIPTION="block type MarginTextZone"/><OtherTag ID="BT6172" LABEL="MainZone" DESCRIPTION="block type MainZone"/><OtherTag ID="BT6171" LABEL="DropCapitalZone" DESCRIPTION="block type DropCapitalZone"/><OtherTag ID="BT6170" LABEL="DigitizationArtefactZone" DESCRIPTION="block type DigitizationArtefactZone"/><OtherTag ID="BT6169" LABEL="DecorationZone" DESCRIPTION="block type DecorationZone"/><OtherTag ID="BT6168" LABEL="DamageZone" DESCRIPTION="block type DamageZone"/><OtherTag ID="BT6181" LABEL="TitlePageZone" DESCRIPTION="block type TitlePageZone"/><OtherTag ID="BT6180" LABEL="TableZone" DESCRIPTION="block type TableZone"/><OtherTag ID="BT6179" LABEL="StampZone" DESCRIPTION="block type StampZone"/><OtherTag ID="BT6178" LABEL="SealZone" DESCRIPTION="block type SealZone"/><OtherTag ID="BT6177" LABEL="RunningTitleZone" DESCRIPTION="block type RunningTitleZone"/><OtherTag ID="BT6176" LABEL="QuireMarksZone" DESCRIPTION="block type QuireMarksZone"/>
    <OtherTag ID="LT2115" LABEL="HeadingLine" DESCRIPTION="line type HeadingLine"/><OtherTag ID="LT2116" LABEL="InterlinearLine" DESCRIPTION="line type InterlinearLine"/><OtherTag ID="LT2114" LABEL="DropCapitalLine" DESCRIPTION="line type DropCapitalLine"/><OtherTag ID="LT2113" LABEL="DefaultLine" DESCRIPTION="line type DefaultLine"/>
  </Tags>
  
  <Layout>
    <Page WIDTH="1848"
          HEIGHT="2682"
          PHYSICAL_IMG_NR="1"
          ID="eSc_dummypage_">
      <PrintSpace HPOS="0"
                  VPOS="0"
                  WIDTH="1848"
                  HEIGHT="2682">
        
        <TextBlock HPOS="375"
                   VPOS="196"
                   WIDTH="1161"
                   HEIGHT="2263"
                   ID="eSc_textblock_f901abda"
                   TAGREFS="BT6172">
          <Shape><Polygon POINTS="1280 214 1500 244 1524 540 1476 1001 1506 1162 1482 1577 1524 1720 1494 1758 1482 1869 1536 2294 1524 2436 1071 2459 393 2454 381 2436 375 1329 393 262 414 196"/></Shape>
          
          
          <TextLine ID="eSc_line_c0c4f927"
                    TAGREFS="LT2113"
                    BASELINE="414 247 652 262 1453 268" 
                    HPOS="412"
                    VPOS="198"
                    WIDTH="1041"
                    HEIGHT="89">
            <Shape><Polygon POINTS="1262 213 1248 213 1199 222 1186 211 1172 211 1157 211 1146 211 1144 211 1122 223 1119 224 1104 223 1052 216 1050 216 1049 216 1047 216 1040 220 1020 232 955 232 912 216 910 216 909 216 907 216 906 216 904 216 888 230 852 230 819 213 818 213 816 213 815 213 782 223 755 210 740 202 739 202 737 202 710 208 687 214 676 207 669 201 667 201 666 201 651 201 637 201 634 199 508 199 506 199 499 201 462 208 414 198 414 247 412 266 485 268 499 278 500 278 502 278 503 278 505 278 506 278 521 269 615 280 616 280 669 271 727 281 728 281 730 281 766 272 849 283 850 283 950 277 970 284 971 284 973 284 974 284 1011 275 1098 286 1099 286 1168 277 1202 287 1204 287 1205 287 1451 278 1453 268 1451 236 1311 235 1302 230 1263 213 1262 213"/></Shape>
	    <String CONTENT="de V. M. ſur Les affaires de la Religion"
                    HPOS="412"
                    VPOS="198"
                    WIDTH="1041"
                    HEIGHT="89"></String>
          </TextLine>

          
          
          <TextLine ID="eSc_line_b5fd57d7"
                    TAGREFS="LT2113"
                    BASELINE="408 324 1143 344 1497 341" 
                    HPOS="406"
                    VPOS="289"
                    WIDTH="1091"
                    HEIGHT="73">
            <Shape><Polygon POINTS="408 324 406 348 476 350 478 350 479 350 481 350 505 339 527 348 529 348 530 348 563 342 573 350 573 351 575 351 576 351 578 351 584 350 622 342 660 342 667 351 670 353 670 354 672 354 673 354 675 354 697 351 737 345 783 353 819 357 821 357 877 353 937 348 961 354 991 360 992 360 994 360 995 360 1002 354 1010 350 1038 350 1047 354 1058 362 1059 362 1061 362 1062 362 1496 357 1497 341 1494 317 1350 308 1348 308 1347 308 1336 312 1324 320 1274 320 1262 311 1254 305 1253 305 1251 305 1226 305 1225 305 1223 305 1222 305 1214 311 1207 317 1064 317 1046 306 1037 302 1035 302 1034 302 1032 302 1016 306 989 314 979 305 973 300 971 300 970 300 968 300 967 300 965 300 961 305 950 312 773 311 755 300 740 295 739 295 712 295 710 295 709 295 707 295 701 300 691 308 645 300 643 300 611 306 587 298 572 292 570 292 497 290 496 290 494 290 493 290 485 296 476 302 460 295 444 289 442 289 441 289 408 293 408 324"/></Shape>
	    <String CONTENT="pretendue reformée, pour eviter pareillement toute"
                    HPOS="406"
                    VPOS="289"
                    WIDTH="1091"
                    HEIGHT="73"></String>
          </TextLine>

          
          
          <TextLine ID="eSc_line_a812754c"
                    TAGREFS="LT2113"
                    BASELINE="406 403 1472 414" 
                    HPOS="405"
                    VPOS="368"
                    WIDTH="1067"
                    HEIGHT="77">
            <Shape><Polygon POINTS="405 418 454 420 467 430 469 430 470 430 472 430 473 430 503 421 530 435 532 435 533 435 535 435 573 423 648 423 748 438 749 439 834 439 834 438 836 438 837 438 853 424 877 424 897 439 898 439 900 439 901 441 943 441 943 439 944 439 946 439 965 426 1084 426 1096 436 1098 436 1099 436 1101 436 1143 433 1165 442 1166 442 1168 444 1287 444 1287 442 1289 442 1290 442 1302 432 1324 444 1326 444 1327 444 1388 435 1400 444 1402 444 1403 444 1405 445 1444 445 1444 444 1445 444 1470 429 1472 414 1470 390 1397 378 1396 378 1321 387 1312 387 1309 385 1295 375 1293 375 1292 375 1290 375 1289 375 1250 385 1247 385 1242 385 1208 375 1207 375 1205 375 1141 382 1117 385 1108 382 1089 373 1087 373 1014 372 1013 372 931 378 865 384 842 376 821 371 819 371 818 371 782 376 737 382 672 375 670 375 578 379 564 372 558 368 557 368 555 368 554 368 524 371 451 379 408 369 406 403 405 418"/></Shape>
	    <String CONTENT="confusion on remettra a parler de la diſposition"
                    HPOS="405"
                    VPOS="368"
                    WIDTH="1067"
                    HEIGHT="77"></String>
          </TextLine>

          
          
          <TextLine ID="eSc_line_7c6a19c6"
                    TAGREFS="LT2113"
                    BASELINE="406 481 1493 485" 
                    HPOS="406"
                    VPOS="444"
                    WIDTH="1087"
                    HEIGHT="62">
            <Shape><Polygon POINTS="406 481 406 506 1491 506 1493 485 1491 461 1217 461 1214 458 1198 448 1196 448 1195 448 1193 448 1192 448 1162 458 1159 460 1156 458 1131 445 1129 445 1086 445 1084 445 1083 445 1047 458 1044 458 1041 458 995 449 994 449 992 449 971 458 968 458 967 458 932 445 931 445 929 445 852 452 833 445 831 445 830 445 828 445 806 457 804 457 795 457 751 454 740 444 739 444 737 444 700 444 698 444 697 444 672 455 670 457 667 455 630 444 628 444 588 444 587 444 585 444 584 444 569 454 506 445 505 445 503 445 502 445 487 455 482 457 406 455 406 481"/></Shape>
	    <String CONTENT="particuliere de cet Edit au Chapitre qui concerne"
                    HPOS="406"
                    VPOS="444"
                    WIDTH="1087"
                    HEIGHT="62"></String>
          </TextLine>

          
          
          <TextLine ID="eSc_line_4e852cf1"
                    TAGREFS="LT2113"
                    BASELINE="405 554 1511 557" 
                    HPOS="403"
                    VPOS="511"
                    WIDTH="1108"
                    HEIGHT="68">
            <Shape><Polygon POINTS="405 554 403 573 599 578 600 578 621 573 637 570 681 573 743 578 745 578 785 573 810 570 815 573 821 578 822 578 824 578 825 578 856 573 873 570 882 573 898 578 900 578 1126 579 1128 579 1204 572 1211 572 1225 572 1371 579 1372 579 1374 579 1375 579 1384 572 1509 572 1511 557 1509 531 1479 531 1479 530 1463 518 1462 518 1460 518 1459 518 1457 518 1432 530 1420 520 1418 520 1417 520 1415 520 1414 520 1394 530 1393 531 1351 531 1350 530 1329 512 1327 512 1326 512 1324 512 1323 512 1290 530 1286 530 1196 520 1195 520 1153 530 1150 530 1128 512 1126 512 1125 512 956 511 895 511 894 511 892 511 891 511 874 521 824 515 822 515 821 515 819 515 804 528 803 530 669 530 666 528 643 518 642 518 640 518 594 527 588 528 582 527 536 515 535 515 533 515 532 515 491 527 487 528 485 527 464 511 463 511 462 511 438 511 436 511 435 511 405 525 405 554"/></Shape>
	    <String CONTENT="les affaires de ceux de la R. P. R et on ſe contentera"
                    HPOS="403"
                    VPOS="511"
                    WIDTH="1108"
                    HEIGHT="68"></String>
          </TextLine>

          
          
          <TextLine ID="eSc_line_9dee1d2c"
                    TAGREFS="LT2113"
                    BASELINE="408 622 1481 630" 
                    HPOS="406"
                    VPOS="584"
                    WIDTH="1075"
                    HEIGHT="67">
            <Shape><Polygon POINTS="408 622 406 633 448 643 450 643 451 643 472 636 481 645 482 645 484 645 485 645 605 639 621 646 622 646 624 646 693 639 718 646 719 646 721 646 1050 639 1128 649 1129 651 1278 651 1278 649 1280 649 1298 642 1354 651 1356 651 1479 640 1481 630 1479 604 1403 591 1402 591 1400 591 1399 591 1383 601 1380 604 1335 604 1320 600 1265 590 1225 590 1223 590 1222 590 1204 598 1196 601 1177 598 1155 594 1153 594 1117 597 1061 601 1044 596 1025 588 1023 588 941 588 940 588 938 588 925 593 904 600 783 600 752 590 742 587 740 587 739 587 685 588 482 597 408 584 408 622"/></Shape>
	    <String CONTENT="de representer icy contre l&#x27;extension pretendues a toutes"
                    HPOS="406"
                    VPOS="584"
                    WIDTH="1075"
                    HEIGHT="67"></String>
          </TextLine>

          
          
          <TextLine ID="eSc_line_e6386c73"
                    TAGREFS="LT2113"
                    BASELINE="405 686 771 694 1472 691" 
                    HPOS="405"
                    VPOS="652"
                    WIDTH="1067"
                    HEIGHT="64">
            <Shape><Polygon POINTS="405 686 405 707 593 704 599 707 605 712 606 712 608 712 789 715 791 715 840 707 897 715 898 715 946 706 955 704 964 706 998 712 1000 712 1001 712 1014 706 1017 704 1020 706 1038 712 1040 712 1041 712 1177 704 1192 704 1196 704 1245 715 1247 716 1247 715 1299 704 1301 704 1338 713 1339 713 1341 713 1342 713 1365 704 1380 715 1381 715 1383 715 1384 716 1439 716 1439 715 1441 715 1470 703 1472 691 1469 667 1180 667 1150 652 1149 652 1147 652 1104 660 1016 652 1014 652 894 666 859 652 858 652 797 652 795 652 794 652 792 652 774 666 661 666 645 652 643 652 642 652 527 652 526 652 524 652 503 660 463 652 462 652 460 652 459 652 436 667 405 667 405 686"/></Shape>
	    <String CONTENT="autres Elections quil ne peut tomber dans aucune"
                    HPOS="405"
                    VPOS="652"
                    WIDTH="1067"
                    HEIGHT="64"></String>
          </TextLine>

          
          
          <TextLine ID="eSc_line_e5708aee"
                    TAGREFS="LT2113"
                    BASELINE="402 752 1467 764" 
                    HPOS="402"
                    VPOS="707"
                    WIDTH="1065"
                    HEIGHT="79">
            <Shape><Polygon POINTS="1466 722 1284 716 1283 716 1281 716 1269 721 1250 730 1235 721 1228 716 1226 716 1225 716 1190 715 1189 715 1187 715 1186 715 1178 721 1160 734 1114 734 1101 722 1099 722 1098 722 1096 722 1095 722 1073 728 1032 721 997 713 973 713 971 713 970 713 968 713 961 719 947 731 785 730 766 719 754 713 752 713 751 713 749 713 737 719 719 728 614 728 587 719 557 709 555 709 554 709 552 709 524 716 497 707 496 707 494 707 435 710 433 710 432 710 421 718 412 724 405 718 402 752 402 776 473 767 490 774 491 774 493 774 555 768 570 777 572 779 573 779 575 779 576 779 578 779 582 777 608 770 621 777 621 779 622 779 624 779 679 780 681 780 682 780 688 779 713 770 816 779 833 780 834 780 836 780 840 780 874 771 1038 771 1056 782 1065 785 1067 785 1068 785 1092 782 1138 774 1177 782 1201 786 1202 786 1204 786 1217 782 1238 776 1259 783 1262 783 1263 783 1265 783 1266 783 1268 783 1277 776 1464 783 1467 764 1466 722"/></Shape>
	    <String CONTENT="probabilité que dans un Edit par lequel V. M."
                    HPOS="402"
                    VPOS="707"
                    WIDTH="1065"
                    HEIGHT="79"></String>
          </TextLine>

          
          
          <TextLine ID="eSc_line_d7f116c0"
                    TAGREFS="LT2113"
                    BASELINE="405 826 1459 826" 
                    HPOS="405"
                    VPOS="786"
                    WIDTH="1054"
                    HEIGHT="67">
            <Shape><Polygon POINTS="405 826 405 835 424 844 426 844 427 844 582 838 596 846 597 846 599 846 600 846 654 837 745 852 746 853 819 853 819 852 821 852 822 852 839 838 855 850 856 850 858 850 859 850 861 850 862 850 874 843 941 850 943 850 1059 838 1138 852 1140 852 1242 841 1262 849 1263 849 1265 849 1266 849 1292 837 1293 837 1314 850 1315 850 1317 850 1318 850 1459 837 1459 826 1457 795 1433 800 1424 794 1415 788 1414 788 1412 788 1411 788 1409 788 1396 794 1384 800 1363 794 1342 788 1341 788 1253 786 1251 786 1250 786 1236 792 1229 797 1211 792 1184 786 1183 786 1150 792 1108 800 1083 791 1073 788 1071 788 1070 788 1068 788 1067 788 1062 791 1049 801 1020 801 1002 791 994 786 992 786 991 786 989 786 988 786 983 791 968 801 895 801 870 789 861 786 859 786 858 786 856 786 845 789 809 800 673 788 648 786 646 786 645 786 643 786 642 788 625 800 606 789 605 789 603 789 549 797 530 788 529 788 527 788 526 788 524 788 524 789 511 801 457 801 441 786 439 786 438 786 405 786 405 826"/></Shape>
	    <String CONTENT="ne traite et n&#x27;a pretendu traicter que des"
                    HPOS="405"
                    VPOS="786"
                    WIDTH="1054"
                    HEIGHT="67"></String>
          </TextLine>

          
          
          <TextLine ID="eSc_line_f1e7dd15"
                    TAGREFS="LT2113"
                    BASELINE="409 892 1462 888" 
                    HPOS="408"
                    VPOS="840"
                    WIDTH="1054"
                    HEIGHT="73">
            <Shape><Polygon POINTS="409 892 409 902 573 913 575 913 576 913 608 902 631 913 633 913 634 913 636 913 679 902 757 913 758 913 760 913 788 901 789 901 797 901 921 911 922 911 924 911 959 899 1040 899 1150 899 1162 908 1163 908 1165 908 1166 908 1168 908 1169 908 1177 902 1229 910 1231 910 1232 910 1250 901 1272 910 1274 910 1275 911 1353 911 1353 910 1462 896 1462 888 1457 855 1348 859 1335 853 1327 850 1326 850 1324 850 1301 853 1263 859 1253 853 1231 840 1229 840 1228 840 1226 840 1225 840 1189 853 1172 859 1132 855 1131 853 1117 841 1117 840 1116 840 1114 840 1113 840 964 841 962 841 961 841 947 853 946 855 940 853 910 841 909 841 907 841 906 841 904 841 886 852 870 862 852 862 842 852 836 847 834 847 833 847 831 847 806 852 758 862 716 853 715 853 713 853 712 853 700 862 597 862 575 852 554 843 552 843 551 843 549 843 524 852 508 856 488 852 457 843 456 843 454 843 408 850 409 892"/></Shape>
	    <String CONTENT="Interrests de ceux de la R. P. R., elle ait pensé"
                    HPOS="408"
                    VPOS="840"
                    WIDTH="1054"
                    HEIGHT="73"></String>
          </TextLine>

          
          
          <TextLine ID="eSc_line_a1eefbed"
                    TAGREFS="LT2113"
                    BASELINE="402 962 1454 958" 
                    HPOS="400"
                    VPOS="916"
                    WIDTH="1054"
                    HEIGHT="67">
            <Shape><Polygon POINTS="402 962 402 974 538 983 539 983 540 983 557 975 564 972 616 972 646 975 704 983 706 983 707 983 709 983 716 975 721 974 773 977 882 981 883 981 944 977 1022 971 1059 977 1076 980 1077 980 1078 980 1086 977 1107 969 1205 969 1286 978 1305 980 1307 980 1326 978 1411 969 1450 978 1454 958 1450 929 1329 931 1318 929 1245 916 1244 916 1242 916 1211 931 1210 931 1208 931 1165 916 1163 916 1104 916 1102 916 1040 923 1004 917 1002 917 1001 917 1000 917 977 932 974 934 821 934 791 934 758 917 757 917 755 917 614 919 535 931 467 919 466 919 464 919 463 919 445 935 400 935 402 962"/></Shape>
	    <String CONTENT="a faire un reglement general ſur tous les proces,"
                    HPOS="400"
                    VPOS="916"
                    WIDTH="1054"
                    HEIGHT="67"></String>
          </TextLine>

          
          
          <TextLine ID="eSc_line_74c8d82b"
                    TAGREFS="LT2113"
                    BASELINE="397 1028 1436 1031" 
                    HPOS="396"
                    VPOS="986"
                    WIDTH="1040"
                    HEIGHT="67">
            <Shape><Polygon POINTS="397 1028 396 1035 478 1051 479 1051 481 1051 482 1051 493 1043 526 1048 527 1048 529 1048 554 1041 576 1051 578 1051 579 1051 581 1051 603 1041 633 1050 634 1050 636 1050 637 1050 675 1040 698 1050 700 1050 701 1050 703 1050 731 1038 754 1051 755 1051 757 1051 758 1053 837 1053 837 1051 839 1051 840 1051 856 1040 918 1053 919 1053 921 1053 958 1043 980 1050 982 1050 983 1050 985 1050 986 1050 986 1048 998 1040 1122 1040 1125 1040 1140 1050 1141 1050 1143 1050 1144 1050 1236 1043 1259 1051 1260 1051 1262 1051 1318 1041 1330 1040 1345 1041 1399 1048 1400 1048 1402 1048 1403 1048 1411 1041 1414 1040 1433 1041 1436 1031 1436 1008 1369 989 1368 989 1366 989 1365 989 1326 1007 1326 1008 1275 1008 1274 1007 1250 990 1248 990 1247 990 1245 990 1244 990 1223 998 1211 987 1210 987 1208 987 1126 987 1125 987 1123 987 1122 987 1108 998 1043 987 1041 987 1040 987 1038 987 1017 1005 1014 1008 921 1008 913 1004 897 996 895 996 894 996 840 1004 833 1004 831 1004 803 986 801 986 800 986 673 986 672 986 670 986 630 1002 621 1005 612 1002 590 992 588 992 587 992 585 992 564 1001 555 1005 397 1001 397 1028"/></Shape>
	    <String CONTENT="mesme des Catholiques pour les Elections des"
                    HPOS="396"
                    VPOS="986"
                    WIDTH="1040"
                    HEIGHT="67"></String>
          </TextLine>

          
          
          <TextLine ID="eSc_line_60650ed2"
                    TAGREFS="LT2113"
                    BASELINE="403 1096 1456 1105" 
                    HPOS="402"
                    VPOS="1065"
                    WIDTH="1054"
                    HEIGHT="59">
            <Shape><Polygon POINTS="403 1096 402 1107 415 1116 417 1116 418 1116 420 1116 421 1116 453 1108 484 1120 485 1120 487 1120 488 1120 532 1107 548 1120 549 1120 551 1120 579 1121 581 1121 628 1113 639 1121 640 1121 642 1121 643 1121 713 1116 715 1116 716 1116 725 1108 789 1123 791 1124 900 1124 900 1123 958 1111 1016 1123 1017 1123 1019 1123 1061 1111 1073 1120 1073 1121 1074 1121 1076 1121 1077 1121 1299 1114 1342 1121 1344 1121 1345 1121 1375 1114 1426 1124 1427 1124 1429 1124 1454 1113 1456 1105 1454 1078 1381 1072 1380 1072 1378 1072 1363 1077 1350 1081 1336 1077 1321 1072 1320 1072 1318 1072 1317 1072 1308 1077 1299 1081 1205 1081 1189 1077 1163 1071 1162 1071 1160 1071 1140 1077 1125 1080 1110 1077 1087 1069 1086 1069 1084 1069 1049 1075 1034 1078 1025 1075 1005 1069 1004 1069 1002 1069 1001 1069 1000 1069 992 1075 986 1080 941 1080 937 1075 931 1071 929 1071 928 1071 926 1071 877 1075 853 1077 840 1075 800 1068 798 1068 766 1075 755 1077 752 1075 743 1066 742 1066 740 1066 739 1066 737 1066 718 1074 715 1075 698 1074 611 1066 609 1066 608 1066 587 1074 581 1075 576 1074 548 1065 546 1065 545 1065 403 1072 403 1096"/></Shape>
	    <String CONTENT="Jurats, officiers et deputés des Communautés de"
                    HPOS="402"
                    VPOS="1065"
                    WIDTH="1054"
                    HEIGHT="59"></String>
          </TextLine>

          
          
          <TextLine ID="eSc_line_8ca82608"
                    TAGREFS="LT2113"
                    BASELINE="390 1162 833 1169 1490 1163" 
                    HPOS="390"
                    VPOS="1130"
                    WIDTH="1100"
                    HEIGHT="66">
            <Shape><Polygon POINTS="390 1184 435 1193 436 1193 491 1184 506 1183 518 1184 554 1192 555 1192 557 1192 581 1184 587 1183 588 1184 602 1194 603 1194 605 1194 606 1196 675 1196 675 1194 676 1194 678 1194 690 1184 691 1184 698 1190 700 1190 701 1190 703 1190 704 1190 718 1184 722 1183 727 1184 760 1194 761 1194 763 1196 880 1196 880 1194 882 1194 883 1194 897 1184 898 1183 900 1184 919 1193 921 1193 922 1193 974 1183 980 1183 983 1183 1019 1194 1020 1194 1022 1194 1023 1194 1064 1183 1065 1183 1083 1194 1084 1194 1086 1194 1087 1196 1149 1196 1149 1194 1150 1194 1152 1194 1166 1183 1168 1183 1196 1183 1198 1183 1213 1194 1214 1194 1216 1194 1217 1196 1281 1196 1281 1194 1283 1194 1284 1194 1301 1183 1302 1183 1488 1183 1490 1163 1485 1135 1447 1142 1432 1133 1424 1130 1423 1130 1421 1130 1420 1130 1412 1133 1396 1144 1348 1144 1314 1133 1301 1130 1299 1130 1298 1130 1296 1130 1289 1133 1272 1142 1199 1142 1171 1133 1163 1130 1162 1130 1160 1130 1143 1133 1110 1138 1092 1132 1084 1130 1083 1130 1081 1130 1080 1130 1078 1130 1077 1132 1065 1142 1037 1133 1035 1133 1034 1133 1032 1133 1004 1144 879 1144 846 1132 842 1130 840 1130 839 1130 827 1132 752 1142 576 1135 575 1135 573 1135 572 1135 560 1142 535 1130 533 1130 532 1130 530 1130 509 1141 487 1130 485 1130 390 1130 390 1162 390 1184"/></Shape>
	    <String CONTENT="toute une province, Ce qui est dautant plus evident"
                    HPOS="390"
                    VPOS="1130"
                    WIDTH="1100"
                    HEIGHT="66"></String>
          </TextLine>

          
          
          <TextLine ID="eSc_line_497f446d"
                    TAGREFS="LT2113"
                    BASELINE="393 1233 1456 1233" 
                    HPOS="393"
                    VPOS="1192"
                    WIDTH="1063"
                    HEIGHT="73">
            <Shape><Polygon POINTS="393 1233 393 1265 424 1265 424 1263 426 1263 427 1263 451 1248 520 1248 555 1262 561 1263 563 1263 564 1263 590 1260 687 1250 704 1259 712 1263 713 1263 715 1265 715 1263 716 1263 725 1259 742 1250 792 1257 830 1263 831 1263 833 1263 846 1257 865 1248 895 1256 918 1262 919 1262 921 1262 922 1262 943 1256 968 1248 1040 1248 1052 1254 1067 1263 1068 1263 1070 1263 1071 1265 1199 1265 1199 1263 1201 1263 1202 1263 1219 1251 1222 1251 1309 1263 1311 1263 1312 1263 1314 1263 1335 1250 1338 1248 1456 1248 1456 1233 1456 1211 1406 1211 1336 1192 1335 1192 1333 1192 1119 1209 1059 1192 1058 1192 892 1192 891 1192 889 1192 855 1211 809 1211 779 1192 777 1192 776 1192 774 1192 773 1192 737 1211 557 1211 484 1192 482 1192 481 1192 479 1192 478 1192 457 1208 393 1209 393 1233"/></Shape>
	    <String CONTENT="quelle n&#x27;a pas voulu que V. M. par cet Edit"
                    HPOS="393"
                    VPOS="1192"
                    WIDTH="1063"
                    HEIGHT="73"></String>
          </TextLine>

          
          
          <TextLine ID="eSc_line_7f781bc7"
                    TAGREFS="LT2113"
                    BASELINE="393 1302 1432 1299" 
                    HPOS="391"
                    VPOS="1259"
                    WIDTH="1041"
                    HEIGHT="68">
            <Shape><Polygon POINTS="393 1302 393 1317 412 1324 414 1324 415 1324 417 1324 418 1324 418 1323 424 1317 426 1315 506 1314 512 1317 526 1326 527 1326 529 1326 530 1327 599 1327 599 1326 722 1315 746 1314 764 1315 858 1326 859 1326 861 1326 886 1314 889 1312 946 1312 953 1314 980 1323 982 1323 983 1323 1062 1315 1114 1324 1116 1324 1117 1324 1140 1312 1141 1312 1157 1324 1159 1324 1160 1324 1162 1324 1226 1317 1348 1324 1350 1324 1351 1324 1353 1324 1363 1315 1391 1323 1393 1323 1394 1323 1396 1323 1432 1311 1432 1299 1427 1267 1359 1272 1338 1267 1307 1259 1305 1259 1304 1259 1302 1259 1301 1259 1287 1267 1278 1273 1190 1273 1183 1267 1172 1259 1171 1259 1169 1259 1104 1259 1102 1259 1101 1259 1081 1267 1050 1259 1049 1259 1047 1259 1046 1259 1028 1267 1022 1272 971 1272 958 1269 924 1259 922 1259 921 1259 919 1259 900 1269 898 1269 895 1269 856 1260 855 1260 853 1260 852 1260 842 1269 836 1273 800 1269 751 1263 749 1263 748 1263 736 1269 727 1275 652 1275 646 1269 636 1262 634 1262 633 1262 631 1262 630 1262 606 1269 587 1260 585 1260 584 1260 539 1270 523 1273 511 1270 479 1260 478 1260 399 1260 397 1260 396 1260 394 1260 394 1262 393 1262 391 1262 393 1302"/></Shape>
	    <String CONTENT="ſest reſervée et a ſon Conseil la Connoiſſance"
                    HPOS="391"
                    VPOS="1259"
                    WIDTH="1041"
                    HEIGHT="68"></String>
          </TextLine>

          
          
          <TextLine ID="eSc_line_b60d5c02"
                    TAGREFS="LT2113"
                    BASELINE="388 1363 591 1370 1496 1366" 
                    HPOS="387"
                    VPOS="1323"
                    WIDTH="1109"
                    HEIGHT="68">
            <Shape><Polygon POINTS="388 1363 388 1382 442 1382 454 1391 456 1391 457 1391 459 1391 529 1382 611 1382 631 1391 633 1391 634 1391 788 1382 867 1391 868 1391 870 1391 897 1381 932 1390 934 1390 935 1390 1238 1381 1394 1390 1396 1390 1496 1378 1496 1366 1493 1339 1391 1339 1391 1338 1354 1323 1353 1323 1351 1323 1290 1324 1289 1324 1253 1338 1250 1339 1235 1338 1166 1332 1165 1332 1163 1332 1146 1338 1143 1339 1138 1338 1113 1329 1111 1329 1110 1329 1108 1329 1107 1329 1092 1338 1089 1341 925 1341 922 1338 894 1324 892 1324 891 1324 716 1326 630 1338 608 1341 569 1339 567 1338 545 1324 543 1324 542 1324 409 1324 408 1324 406 1324 405 1324 387 1335 388 1363"/></Shape>
	    <String CONTENT="des Jurades ou les Religionnaires prendroient Interrest"
                    HPOS="387"
                    VPOS="1323"
                    WIDTH="1109"
                    HEIGHT="68"></String>
          </TextLine>

          
          
          <TextLine ID="eSc_line_8abfaf77"
                    TAGREFS="LT2113"
                    BASELINE="388 1436 1459 1431" 
                    HPOS="387"
                    VPOS="1396"
                    WIDTH="1072"
                    HEIGHT="64">
            <Shape><Polygon POINTS="388 1436 388 1452 663 1460 664 1460 740 1449 749 1449 754 1449 779 1457 780 1457 782 1457 783 1457 785 1457 795 1449 809 1458 810 1458 812 1458 813 1458 815 1458 816 1458 828 1449 839 1457 840 1457 842 1457 843 1457 904 1448 912 1448 913 1448 924 1457 924 1458 925 1458 926 1458 928 1460 1019 1460 1019 1458 1065 1448 1096 1458 1098 1458 1099 1458 1166 1446 1169 1446 1175 1446 1287 1455 1289 1455 1335 1446 1347 1455 1348 1455 1350 1455 1423 1457 1424 1457 1426 1457 1459 1443 1459 1431 1454 1406 1420 1409 1414 1405 1403 1397 1402 1397 1400 1397 1399 1397 1397 1397 1377 1405 1365 1397 1363 1397 1362 1397 1360 1397 1359 1397 1341 1405 1333 1409 1327 1405 1315 1396 1314 1396 1312 1396 1311 1396 1309 1396 1287 1405 1277 1409 1226 1405 1181 1402 1180 1402 1105 1405 988 1411 970 1405 949 1397 947 1397 807 1397 806 1397 774 1405 742 1414 646 1414 631 1405 619 1399 618 1399 616 1399 615 1399 603 1405 587 1414 520 1414 503 1405 493 1399 491 1399 490 1399 387 1403 388 1436"/></Shape>
	    <String CONTENT="et ne peut pas estre estimée avoir voulu attirer"
                    HPOS="387"
                    VPOS="1396"
                    WIDTH="1072"
                    HEIGHT="64"></String>
          </TextLine>

          
          
          <TextLine ID="eSc_line_efd0c269"
                    TAGREFS="LT2113"
                    BASELINE="396 1497 946 1509 1438 1504" 
                    HPOS="394"
                    VPOS="1454"
                    WIDTH="1044"
                    HEIGHT="74">
            <Shape><Polygon POINTS="396 1497 394 1510 485 1521 487 1521 488 1521 506 1513 572 1513 669 1513 672 1513 712 1524 713 1524 715 1524 809 1516 885 1525 886 1525 1010 1519 1140 1527 1141 1527 1143 1527 1144 1527 1155 1519 1172 1527 1174 1527 1175 1527 1241 1518 1250 1518 1260 1518 1335 1528 1336 1528 1338 1528 1339 1528 1353 1521 1436 1521 1438 1504 1436 1478 1403 1461 1402 1461 1400 1461 1365 1469 1356 1461 1354 1461 1353 1461 1293 1461 1292 1461 1216 1473 1163 1460 1162 1460 1160 1460 1159 1460 1117 1475 1114 1475 1104 1475 1031 1466 1029 1466 964 1473 953 1473 952 1472 938 1463 937 1463 935 1463 934 1463 932 1463 900 1472 898 1472 864 1457 862 1457 861 1457 859 1457 843 1466 834 1457 833 1457 831 1457 792 1457 791 1457 789 1457 752 1470 746 1472 740 1470 690 1455 688 1455 687 1455 685 1455 646 1469 642 1470 627 1469 493 1454 491 1454 396 1466 396 1497"/></Shape>
	    <String CONTENT="a ſon Conseil a plus de deux cens lieües Loin les"
                    HPOS="394"
                    VPOS="1454"
                    WIDTH="1044"
                    HEIGHT="74"></String>
          </TextLine>

          
          
          <TextLine ID="eSc_line_766d25f6"
                    TAGREFS="LT2113"
                    BASELINE="397 1563 883 1573 1448 1568" 
                    HPOS="396"
                    VPOS="1525"
                    WIDTH="1052"
                    HEIGHT="69">
            <Shape><Polygon POINTS="397 1563 396 1576 538 1577 538 1579 558 1586 560 1586 561 1586 563 1586 578 1579 579 1579 582 1579 618 1586 619 1586 685 1580 706 1579 725 1580 803 1591 804 1591 853 1582 868 1580 873 1583 885 1591 886 1591 888 1591 889 1592 991 1592 991 1591 1022 1585 1046 1580 1116 1582 1122 1586 1131 1592 1132 1592 1134 1592 1135 1592 1201 1586 1245 1583 1253 1588 1259 1592 1260 1592 1262 1592 1263 1594 1308 1594 1308 1592 1309 1592 1311 1592 1317 1588 1326 1583 1445 1589 1448 1568 1445 1545 1271 1545 1268 1540 1256 1531 1256 1530 1254 1530 1253 1530 1165 1530 1163 1530 1162 1530 1135 1539 1123 1542 1107 1537 1067 1528 1065 1528 1023 1536 994 1543 842 1543 815 1533 798 1527 797 1527 795 1527 767 1531 734 1537 716 1530 706 1527 704 1527 703 1527 646 1528 645 1528 642 1530 608 1540 576 1528 573 1527 572 1527 570 1527 561 1528 515 1536 500 1527 499 1527 497 1527 496 1527 494 1527 454 1539 435 1525 433 1525 432 1525 397 1525 397 1563"/></Shape>
	    <String CONTENT="Contestations de cette nature d&#x27;entre de pauvres"
                    HPOS="396"
                    VPOS="1525"
                    WIDTH="1052"
                    HEIGHT="69"></String>
          </TextLine>

          
          
          <TextLine ID="eSc_line_2745e359"
                    TAGREFS="LT2113"
                    BASELINE="394 1628 1457 1637" 
                    HPOS="394"
                    VPOS="1589"
                    WIDTH="1063"
                    HEIGHT="72">
            <Shape><Polygon POINTS="394 1628 394 1652 435 1646 460 1653 463 1653 464 1653 466 1653 467 1653 469 1653 482 1641 539 1640 569 1653 570 1653 572 1653 573 1653 575 1653 576 1653 590 1641 608 1652 609 1652 611 1652 657 1641 684 1653 685 1653 687 1653 690 1653 739 1641 879 1653 912 1656 913 1656 928 1653 982 1644 1062 1655 1104 1659 1105 1661 1146 1661 1146 1659 1147 1659 1149 1659 1155 1655 1169 1646 1192 1655 1201 1658 1202 1658 1204 1658 1235 1655 1266 1652 1299 1655 1339 1659 1341 1659 1342 1659 1354 1655 1380 1647 1454 1655 1457 1637 1457 1601 1366 1597 1365 1597 1363 1597 1362 1597 1357 1601 1347 1610 1302 1610 1284 1601 1283 1600 1281 1600 1201 1600 1199 1600 1190 1601 1150 1607 1132 1601 1119 1595 1117 1595 1043 1594 1041 1594 1040 1594 1038 1594 1029 1601 1022 1607 938 1607 931 1601 924 1594 922 1594 921 1594 919 1594 918 1594 916 1594 907 1601 894 1592 892 1592 891 1592 889 1592 763 1598 724 1591 722 1591 721 1591 719 1591 704 1601 700 1604 573 1604 532 1603 529 1601 506 1589 505 1589 503 1589 502 1589 500 1589 484 1601 482 1601 476 1601 426 1592 424 1592 423 1592 394 1600 394 1628"/></Shape>
	    <String CONTENT="paysans, ou autres habitans, ce qui ruineroit"
                    HPOS="394"
                    VPOS="1589"
                    WIDTH="1063"
                    HEIGHT="72"></String>
          </TextLine>

          
          
          <TextLine ID="eSc_line_581f6730"
                    TAGREFS="LT2113"
                    BASELINE="396 1695 688 1694 1000 1706 1509 1700" 
                    HPOS="396"
                    VPOS="1650"
                    WIDTH="1113"
                    HEIGHT="76">
            <Shape><Polygon POINTS="396 1695 396 1710 675 1709 682 1712 704 1720 706 1720 707 1720 709 1720 740 1712 751 1709 764 1712 795 1717 797 1717 821 1713 840 1725 842 1725 843 1725 845 1726 924 1726 924 1725 925 1725 970 1713 1002 1725 1004 1725 1005 1726 1233 1726 1233 1725 1235 1725 1257 1717 1351 1725 1353 1725 1427 1712 1444 1710 1506 1712 1509 1700 1506 1674 1441 1674 1438 1673 1412 1655 1411 1655 1409 1655 1408 1655 1406 1655 1354 1671 1347 1673 1341 1671 1309 1656 1308 1656 1307 1656 1248 1665 1233 1659 1232 1659 1231 1659 1229 1659 1204 1668 1190 1673 1169 1668 1143 1661 1141 1661 1140 1661 1138 1661 1137 1661 1129 1667 1119 1674 977 1674 962 1664 950 1656 949 1656 947 1656 946 1656 944 1656 943 1656 934 1664 922 1674 877 1674 852 1662 828 1652 827 1652 825 1652 824 1652 800 1658 770 1650 769 1650 554 1650 552 1650 551 1650 549 1650 542 1656 529 1667 478 1656 451 1650 450 1650 396 1653 396 1695"/></Shape>
	    <String CONTENT="bientoſt ſes ſuiets de Bearn, or Il est evident"
                    HPOS="396"
                    VPOS="1650"
                    WIDTH="1113"
                    HEIGHT="76"></String>
          </TextLine>

          
          
          <TextLine ID="eSc_line_29eda85f"
                    TAGREFS="LT2113"
                    BASELINE="390 1762 880 1770 1463 1765" 
                    HPOS="390"
                    VPOS="1726"
                    WIDTH="1073"
                    HEIGHT="64">
            <Shape><Polygon POINTS="390 1762 391 1789 435 1776 563 1776 603 1786 605 1786 606 1786 740 1777 758 1785 771 1790 773 1790 774 1790 801 1785 816 1782 877 1783 1022 1789 1023 1789 1025 1789 1044 1782 1055 1777 1065 1782 1083 1789 1084 1789 1086 1789 1149 1783 1307 1790 1308 1790 1309 1790 1311 1790 1330 1779 1332 1777 1338 1777 1378 1786 1380 1786 1462 1776 1463 1765 1460 1746 1390 1746 1390 1744 1368 1728 1366 1728 1365 1728 1363 1728 1362 1728 1308 1744 1307 1746 1225 1746 1222 1744 1169 1729 1168 1729 1166 1729 1165 1729 1117 1743 1084 1729 1083 1729 1081 1729 1080 1729 1078 1729 1062 1743 1061 1746 949 1746 946 1743 934 1732 932 1732 931 1732 929 1732 928 1732 909 1740 883 1728 882 1728 845 1728 843 1728 842 1728 840 1728 819 1743 816 1744 813 1743 792 1732 791 1732 733 1728 731 1728 730 1728 728 1728 709 1741 639 1726 637 1726 505 1741 487 1743 472 1741 414 1732 412 1732 411 1732 390 1740 390 1762"/></Shape>
	    <String CONTENT="par La Clause de L&#x27;Edit que V. M. n&#x27;y a donné"
                    HPOS="390"
                    VPOS="1726"
                    WIDTH="1073"
                    HEIGHT="64"></String>
          </TextLine>

          
          
          <TextLine ID="eSc_line_fb9e7620"
                    TAGREFS="LT2113"
                    BASELINE="394 1825 1417 1829" 
                    HPOS="393"
                    VPOS="1780"
                    WIDTH="1024"
                    HEIGHT="70">
            <Shape><Polygon POINTS="394 1825 393 1834 421 1847 423 1847 424 1847 484 1840 581 1846 582 1846 584 1846 621 1837 651 1847 652 1847 654 1847 822 1838 859 1849 861 1849 862 1850 959 1850 959 1849 961 1849 995 1838 1000 1838 1193 1850 1195 1850 1266 1840 1268 1840 1271 1840 1320 1847 1321 1847 1323 1847 1336 1840 1338 1840 1414 1840 1417 1829 1415 1782 1341 1782 1339 1782 1338 1782 1336 1782 1336 1783 1307 1805 1199 1802 1171 1786 1162 1782 1160 1782 1159 1782 1157 1782 1141 1786 1089 1802 1073 1788 1067 1783 1067 1782 1065 1782 1064 1782 1040 1780 1038 1780 1037 1780 1010 1789 997 1793 985 1789 977 1788 976 1788 974 1788 973 1788 971 1788 968 1790 950 1804 929 1790 912 1780 910 1780 909 1780 779 1780 777 1780 776 1780 748 1795 731 1804 596 1804 587 1798 584 1795 582 1795 581 1795 579 1795 560 1798 539 1802 524 1799 493 1792 491 1792 490 1792 488 1792 478 1799 476 1801 470 1801 427 1793 426 1793 424 1793 394 1801 394 1825"/></Shape>
	    <String CONTENT="au gouverneur que le ſimple droit dadvis, ſe"
                    HPOS="393"
                    VPOS="1780"
                    WIDTH="1024"
                    HEIGHT="70"></String>
          </TextLine>

          
          
          <TextLine ID="eSc_line_1ace81e0"
                    TAGREFS="LT2113"
                    BASELINE="393 1892 803 1892 1043 1899 1460 1895" 
                    HPOS="393"
                    VPOS="1846"
                    WIDTH="1067"
                    HEIGHT="76">
            <Shape><Polygon POINTS="393 1902 441 1919 442 1919 444 1919 514 1902 524 1901 540 1902 605 1910 606 1910 608 1910 624 1902 628 1901 637 1902 673 1908 675 1908 724 1902 736 1901 740 1902 760 1910 761 1910 763 1910 850 1902 864 1901 865 1901 888 1913 889 1913 891 1913 956 1907 994 1920 995 1920 997 1922 1116 1922 1116 1920 1117 1920 1150 1902 1201 1920 1202 1920 1204 1922 1245 1922 1245 1920 1247 1920 1287 1910 1323 1914 1324 1914 1326 1914 1327 1914 1342 1901 1371 1913 1372 1913 1374 1913 1375 1913 1397 1905 1439 1916 1441 1916 1442 1916 1444 1916 1445 1916 1445 1914 1460 1899 1460 1895 1457 1866 1390 1855 1388 1855 1387 1855 1356 1865 1354 1865 1326 1846 1324 1846 1323 1846 1222 1846 1220 1846 1219 1846 1187 1862 1180 1866 1098 1866 1089 1861 1064 1846 1062 1846 1061 1846 1059 1846 1058 1846 1029 1861 1019 1866 921 1866 903 1859 867 1846 865 1846 773 1846 771 1846 770 1846 769 1846 752 1858 743 1863 733 1858 718 1846 716 1846 715 1846 690 1846 688 1846 687 1846 685 1846 670 1856 661 1862 634 1856 633 1856 631 1856 630 1856 597 1865 491 1861 482 1853 473 1847 472 1847 470 1847 469 1847 441 1853 415 1859 394 1853 393 1892 393 1902"/></Shape>
	    <String CONTENT="reſervant a elle ſeule d&#x27;en &gt;t&lt; Juger Le fond dans"
                    HPOS="393"
                    VPOS="1846"
                    WIDTH="1067"
                    HEIGHT="76"></String>
          </TextLine>

          
          
          <TextLine ID="eSc_line_5016dc5c"
                    TAGREFS="LT2113"
                    BASELINE="394 1963 1453 1968" 
                    HPOS="394"
                    VPOS="1922"
                    WIDTH="1059"
                    HEIGHT="77">
            <Shape><Polygon POINTS="394 1963 396 1984 417 1974 521 1981 523 1981 524 1981 543 1974 616 1974 625 1981 627 1981 628 1981 630 1981 727 1974 752 1987 764 1995 766 1995 767 1995 769 1995 785 1989 815 1975 874 1975 903 1989 916 1996 918 1996 919 1998 1001 1998 1001 1996 1002 1996 1016 1990 1031 1984 1065 1990 1101 1998 1102 1999 1141 1999 1141 1998 1143 1998 1144 1998 1152 1992 1160 1984 1174 1992 1186 1998 1187 1998 1189 1998 1242 1993 1284 1989 1317 1993 1339 1996 1341 1996 1342 1996 1351 1993 1387 1984 1427 1984 1448 1995 1453 1968 1451 1942 1350 1931 1348 1931 1347 1931 1326 1937 1314 1926 1314 1925 1312 1925 1311 1925 1309 1925 1308 1925 1263 1939 1257 1942 1125 1942 1108 1938 1064 1926 1062 1926 1061 1926 1059 1926 1037 1937 1029 1941 919 1941 909 1935 883 1923 882 1923 880 1923 879 1923 853 1934 840 1939 803 1934 730 1922 728 1922 685 1931 631 1922 630 1922 628 1922 627 1922 612 1931 608 1934 602 1931 581 1922 579 1922 578 1922 576 1922 555 1931 543 1922 542 1922 540 1922 539 1922 538 1922 509 1931 506 1931 503 1929 487 1922 485 1922 484 1922 394 1928 394 1963"/></Shape>
	    <String CONTENT="ſon Conseil, et par Consequent puisquelle n&#x27;a"
                    HPOS="394"
                    VPOS="1922"
                    WIDTH="1059"
                    HEIGHT="77"></String>
          </TextLine>

          
          
          <TextLine ID="eSc_line_f7c1180b"
                    TAGREFS="LT2113"
                    BASELINE="390 2032 1478 2026" 
                    HPOS="388"
                    VPOS="1989"
                    WIDTH="1090"
                    HEIGHT="71">
            <Shape><Polygon POINTS="390 2032 390 2050 600 2044 608 2048 616 2056 618 2056 619 2056 660 2060 661 2060 760 2047 789 2042 795 2045 810 2059 812 2059 813 2059 815 2060 874 2060 874 2059 876 2059 901 2045 907 2041 1007 2041 1011 2044 1028 2057 1029 2057 1031 2057 1032 2059 1092 2059 1092 2057 1093 2057 1095 2057 1107 2048 1128 2057 1129 2057 1131 2057 1132 2057 1147 2050 1198 2057 1199 2057 1201 2057 1235 2045 1265 2056 1266 2056 1268 2056 1341 2048 1371 2056 1372 2056 1374 2056 1375 2056 1399 2042 1427 2039 1447 2050 1448 2050 1450 2050 1451 2050 1478 2038 1478 2026 1475 1995 1438 1989 1436 1989 1435 1989 1417 1993 1403 1998 1384 1993 1357 1989 1356 1989 1354 1989 1338 1993 1315 2001 1253 1993 1231 1992 1229 1992 1228 1992 1222 1993 1199 2004 1084 2004 1067 1993 1061 1990 1059 1990 1022 1990 1020 1990 1019 1990 1017 1990 1014 1993 1001 2004 731 2004 715 1993 713 1992 712 1992 710 1992 709 1992 691 1993 600 2002 588 1993 587 1993 585 1993 584 1993 582 1993 512 2001 503 1993 502 1993 500 1993 388 1993 390 2032"/></Shape>
	    <String CONTENT="Voulu ſe reſerver que Le Jugement des plaintes"
                    HPOS="388"
                    VPOS="1989"
                    WIDTH="1090"
                    HEIGHT="71"></String>
          </TextLine>

          
          
          <TextLine ID="eSc_line_7e278ffc"
                    TAGREFS="LT2113"
                    BASELINE="394 2096 1473 2096" 
                    HPOS="394"
                    VPOS="2057"
                    WIDTH="1079"
                    HEIGHT="66">
            <Shape><Polygon POINTS="394 2096 396 2120 417 2109 463 2109 518 2118 545 2123 546 2123 548 2123 563 2118 581 2112 597 2118 609 2121 611 2121 612 2121 614 2121 628 2117 645 2112 651 2117 657 2121 657 2123 658 2123 660 2123 661 2123 694 2117 710 2114 731 2117 760 2120 761 2120 763 2120 764 2120 769 2115 773 2112 791 2115 830 2123 831 2123 937 2115 1119 2123 1120 2123 1122 2123 1157 2112 1193 2121 1195 2121 1196 2121 1198 2121 1222 2111 1226 2109 1241 2111 1308 2120 1309 2120 1311 2120 1312 2120 1312 2118 1323 2111 1324 2109 1360 2109 1362 2109 1377 2121 1378 2121 1380 2121 1381 2121 1383 2121 1384 2121 1399 2111 1405 2117 1406 2117 1408 2117 1409 2117 1473 2108 1473 2096 1473 2071 1426 2062 1424 2062 1388 2069 1383 2071 1378 2069 1342 2057 1341 2057 1339 2057 1284 2069 1275 2072 1210 2072 1205 2069 1183 2057 1181 2057 1122 2057 1120 2057 1119 2057 1096 2068 1090 2071 1065 2068 1017 2063 1016 2063 941 2068 892 2071 886 2068 871 2057 870 2057 868 2057 763 2057 761 2057 760 2057 758 2057 745 2068 739 2071 724 2066 704 2062 703 2062 701 2062 700 2062 682 2066 669 2071 657 2066 634 2059 633 2059 631 2059 596 2066 581 2069 566 2066 527 2057 526 2057 394 2065 394 2096"/></Shape>
	    <String CONTENT="et Interrests des Religionnaires, Il est evident"
                    HPOS="394"
                    VPOS="2057"
                    WIDTH="1079"
                    HEIGHT="66"></String>
          </TextLine>

          
          
          <TextLine ID="eSc_line_6415ca33"
                    TAGREFS="LT2113"
                    BASELINE="388 2160 1123 2169 1496 2161" 
                    HPOS="387"
                    VPOS="2120"
                    WIDTH="1109"
                    HEIGHT="70">
            <Shape><Polygon POINTS="388 2160 387 2184 435 2185 436 2185 438 2185 442 2184 473 2172 548 2182 549 2182 594 2172 630 2182 634 2184 636 2184 637 2184 639 2184 645 2182 685 2172 789 2175 803 2181 813 2185 815 2185 816 2185 839 2181 859 2176 870 2181 882 2185 883 2185 885 2185 886 2185 897 2181 906 2176 922 2181 937 2184 938 2184 940 2184 958 2179 974 2176 983 2179 1002 2188 1004 2188 1005 2190 1153 2190 1153 2188 1155 2188 1156 2188 1168 2181 1207 2188 1208 2188 1210 2188 1211 2188 1225 2179 1329 2188 1330 2188 1396 2176 1400 2176 1494 2176 1496 2161 1496 2139 1466 2124 1464 2124 1463 2124 1394 2132 1357 2124 1356 2124 1354 2124 1329 2138 1327 2138 1253 2127 1251 2127 1250 2127 1232 2136 1150 2136 1135 2124 1134 2124 1132 2124 1131 2124 1129 2124 1099 2136 1099 2138 1008 2138 1007 2136 1000 2129 998 2129 997 2129 995 2129 910 2135 894 2121 892 2121 891 2121 889 2121 812 2130 742 2121 740 2121 739 2121 707 2135 690 2120 688 2120 687 2120 685 2120 576 2133 575 2133 573 2133 503 2120 502 2120 500 2120 472 2133 470 2133 388 2133 388 2160"/></Shape>
	    <String CONTENT="que dans celles-la ſeulement quelle a donné droit"
                    HPOS="387"
                    VPOS="2120"
                    WIDTH="1109"
                    HEIGHT="70"></String>
          </TextLine>

          
          
          <TextLine ID="eSc_line_ae314724"
                    TAGREFS="LT2113"
                    BASELINE="387 2229 1205 2229 1464 2221" 
                    HPOS="385"
                    VPOS="2184"
                    WIDTH="1079"
                    HEIGHT="67">
            <Shape><Polygon POINTS="387 2229 387 2237 521 2237 527 2237 581 2246 582 2246 661 2237 666 2237 667 2237 698 2251 700 2251 701 2251 788 2240 922 2240 949 2249 950 2249 952 2249 953 2249 979 2237 1004 2249 1005 2249 1007 2249 1046 2242 1070 2249 1071 2249 1073 2251 1312 2251 1312 2249 1314 2249 1353 2236 1463 2236 1464 2221 1462 2193 1430 2188 1429 2188 1427 2188 1415 2193 1393 2199 1335 2193 1323 2191 1321 2191 1320 2191 1315 2193 1292 2199 1275 2193 1254 2184 1253 2184 1251 2184 1207 2193 1172 2199 1150 2193 1137 2188 1135 2188 1134 2188 1132 2188 1119 2193 1095 2199 1017 2193 1016 2193 938 2200 892 2193 885 2191 883 2191 882 2191 879 2193 858 2202 764 2202 742 2193 722 2185 721 2185 570 2185 569 2185 567 2185 548 2193 526 2202 488 2202 475 2193 467 2187 466 2187 464 2187 463 2187 462 2187 448 2193 430 2200 421 2193 417 2188 415 2188 414 2188 412 2188 385 2191 387 2229"/></Shape>
	    <String CONTENT="d&#x27;avis a M.^r Le gouverneur ; neantmoins par une"
                    HPOS="385"
                    VPOS="2184"
                    WIDTH="1079"
                    HEIGHT="67"></String>
          </TextLine>

          
          
          <TextLine ID="eSc_line_fd4b643a"
                    TAGREFS="LT2113"
                    BASELINE="391 2291 1107 2290 1497 2278" 
                    HPOS="390"
                    VPOS="2239"
                    WIDTH="1107"
                    HEIGHT="74">
            <Shape><Polygon POINTS="391 2291 391 2306 521 2313 523 2313 524 2313 545 2305 546 2303 619 2303 630 2303 709 2312 710 2312 760 2302 777 2299 798 2302 862 2310 864 2310 961 2299 982 2297 988 2299 1016 2309 1017 2309 1019 2309 1071 2297 1077 2297 1081 2297 1141 2308 1143 2308 1211 2296 1214 2296 1216 2296 1251 2308 1253 2308 1254 2308 1256 2308 1257 2308 1271 2297 1296 2303 1298 2303 1299 2303 1301 2303 1318 2296 1356 2302 1357 2302 1359 2302 1377 2294 1377 2293 1496 2291 1497 2278 1496 2257 1430 2239 1429 2239 1427 2239 1287 2240 1286 2240 1256 2257 1250 2260 1129 2260 1123 2257 1116 2251 1114 2251 1113 2251 1111 2251 1110 2251 1108 2251 1101 2257 1099 2257 1095 2257 1034 2243 1032 2243 1031 2243 1000 2257 994 2258 971 2257 947 2254 946 2254 932 2257 906 2263 885 2263 876 2257 859 2245 858 2245 856 2245 855 2245 806 2257 782 2261 724 2257 707 2255 706 2255 688 2257 608 2263 599 2257 587 2246 585 2246 584 2246 582 2246 526 2257 496 2261 481 2257 457 2248 456 2248 454 2248 390 2255 391 2291"/></Shape>
	    <String CONTENT="Interpretaõn qui detruict Le Texte, M.^r Le"
                    HPOS="390"
                    VPOS="2239"
                    WIDTH="1107"
                    HEIGHT="74"></String>
          </TextLine>

          
          
          <TextLine ID="eSc_line_d5137f3a"
                    TAGREFS="LT2113"
                    BASELINE="385 2363 1226 2355 1518 2343" 
                    HPOS="384"
                    VPOS="2305"
                    WIDTH="1134"
                    HEIGHT="79">
            <Shape><Polygon POINTS="385 2363 385 2379 466 2372 503 2379 521 2382 523 2384 627 2384 627 2382 628 2382 651 2376 678 2367 763 2367 782 2373 803 2379 804 2379 806 2381 868 2381 868 2379 976 2369 1026 2364 1052 2367 1104 2375 1105 2375 1107 2375 1143 2366 1153 2363 1162 2364 1196 2375 1198 2375 1199 2375 1305 2373 1391 2360 1397 2360 1403 2360 1470 2367 1472 2367 1517 2357 1518 2343 1515 2318 1429 2305 1427 2305 1426 2305 1386 2318 1374 2321 1281 2318 1205 2315 1204 2315 1202 2315 1195 2318 1180 2324 1149 2318 1138 2316 1137 2316 1135 2316 1129 2318 1104 2325 1086 2318 1067 2309 1065 2309 986 2309 985 2309 983 2309 982 2309 970 2318 958 2327 916 2327 898 2318 885 2310 883 2310 882 2310 830 2318 801 2322 777 2318 745 2312 743 2312 742 2312 722 2318 695 2327 640 2319 639 2319 637 2319 636 2319 618 2333 590 2333 572 2318 570 2318 569 2318 567 2318 566 2318 563 2318 530 2331 506 2319 505 2319 503 2319 502 2319 450 2333 384 2319 385 2363"/></Shape>
	    <String CONTENT="Comte de guiche Charge Le droit davis en droit"
                    HPOS="384"
                    VPOS="2305"
                    WIDTH="1134"
                    HEIGHT="79"></String>
          </TextLine>

          
          
          <TextLine ID="eSc_line_4a81e543"
                    TAGREFS="LT2113"
                    BASELINE="394 2421 776 2425 1515 2415" 
                    HPOS="393"
                    VPOS="2375"
                    WIDTH="1122"
                    HEIGHT="80">
            <Shape><Polygon POINTS="394 2421 394 2449 505 2440 538 2448 548 2451 549 2451 551 2451 552 2451 560 2448 581 2439 627 2439 640 2448 649 2454 651 2454 652 2454 654 2455 722 2455 722 2454 771 2445 819 2437 847 2445 867 2449 868 2449 870 2449 871 2449 886 2445 909 2436 943 2443 971 2449 973 2449 974 2449 988 2443 1000 2436 1011 2443 1025 2451 1026 2451 1028 2451 1029 2451 1090 2443 1150 2449 1152 2449 1153 2449 1169 2440 1175 2437 1189 2440 1228 2449 1229 2449 1231 2449 1257 2440 1277 2433 1308 2439 1354 2448 1356 2449 1423 2449 1423 2448 1424 2448 1444 2437 1456 2431 1512 2436 1515 2415 1512 2388 1439 2378 1438 2378 1380 2388 1374 2388 1368 2388 1320 2381 1318 2381 1257 2388 1239 2389 1222 2388 1162 2381 1160 2381 1159 2381 1138 2388 1134 2389 1132 2388 1123 2381 1122 2381 1120 2381 1119 2381 1058 2384 1040 2375 1038 2375 1037 2375 1035 2375 994 2388 985 2391 974 2388 926 2376 925 2376 924 2376 922 2376 885 2388 871 2394 736 2394 718 2389 687 2379 685 2379 684 2379 634 2386 612 2378 611 2378 609 2378 476 2388 412 2379 411 2379 409 2379 408 2379 393 2386 394 2421"/></Shape>
	    <String CONTENT="d&#x27;instru.^on de proces et de Jugement, et a eſtendu"
                    HPOS="393"
                    VPOS="2375"
                    WIDTH="1122"
                    HEIGHT="80"></String>
          </TextLine>

          
        </TextBlock>
        
        <TextBlock HPOS="1530"
                   VPOS="166"
                   WIDTH="132"
                   HEIGHT="107"
                   ID="eSc_textblock_7f1b5871"
                   TAGREFS="BT6175">
          <Shape><Polygon POINTS="1643 166 1662 261 1542 273 1540 256 1530 186 1566 169 1572 168"/></Shape>
          
          
          <TextLine ID="eSc_line_03b7b21b"
                    TAGREFS="LT2113"
                    BASELINE="1564 218 1630 225" 
                    HPOS="1559"
                    VPOS="169"
                    WIDTH="69"
                    HEIGHT="94">
            <Shape><Polygon POINTS="1563 216 1559 263 1624 248 1628 223 1628 169 1566 176 1563 216"/></Shape>
	    <String CONTENT="7"
                    HPOS="1559"
                    VPOS="169"
                    WIDTH="69"
                    HEIGHT="94"></String>
          </TextLine>

          
        </TextBlock>
        

        
      </PrintSpace>
    </Page>
  </Layout>
</alto>
