2000 2742
216 546 1634 116 Cette fille est trop heureuse et s'il est

175 699 1684 93 permis de souhaitter la mort je la desire

170 827 1683 123 de tout mon coeur a de pareilles conditions

166 970 1641 116 mais je pleins la tendresse de vostre

175 1116 1639 104 coeur et les peines du corps ce sont la

169 1231 1616 144 celles d'une veritable superieure et

176 1375 1650 160 desquelles vous ne devez ni ne pouves

180 1505 1678 140 estre soulagée Cependant prenes les le

185 1672 1757 135 plus tranquilement que vous pourrez

180 1814 1646 135 je vous prie et que M la Chanoinesse

189 1965 1664 141 face suivre la reigle a la communauté

203 2136 1609 139 faittes ce que vous jugeres a propos

192 2278 1652 162 sur couverture du corps j'y ay une

196 2417 1621 190 repugnance naturelle et pris tout de

987 335 725 103 Samedy matin

1723 308 48 85 59
