2000 2513
460 171 1502 97 voit plus que par raport a moy et

449 287 1503 84 je suis traittée de mesme par raport

442 386 1546 97 a d'autres je l'ay si bien veu que je

430 501 1535 106 me suis fait une retraitte du milieu

435 618 1479 88 de la cour et que j'y vis avec un

435 712 1541 115 degoust et un mepris du monde qui

420 812 1573 126 m'en dettache plus que si j'en estois

414 940 1358 126 a mille lieues je serois trop

405 1045 1560 138 heureuse si vous ettiez de mesme

431 1164 1521 119 et que nostre amitié eust des

431 1271 1538 139 fondemens esgalement solides

423 1383 1505 142 et agreables par la simpathie

413 1546 1559 91 de nos sentimens N'envoyes rien au

416 1652 1551 104 pere de la chaise je vous prie et ne

423 1773 1491 96 luy distes mesme rien apte nons ne

414 1891 1538 97 l'ayons concerté en relisant vostre

389 2022 1577 105 lettre je trouve que vous avez promis

428 2133 1489 113 a dieu tout ce que je vous demende
