1606 2053
167 166 1221 84 nostre communauté j'en voudrois

155 249 1308 125 aussy profitter et que vous m'escrivissiez

152 355 1311 81 tout ce qui vous viendroit a la teste

153 439 1222 99 car pour moy j'entendrois bien

157 530 1257 105 tout et je ne vous trahiray pas

150 634 1188 106 plus vous vous remfermerés et

150 727 1218 113 plus je me >tiendray< chargée

149 841 1306 94 de vostre divertissement et d'adoucir

147 955 1284 79 vos peines et moins vous aymerez

146 1051 1293 84 de gens et plus je vous aymeray

163 1132 1237 108 plust a dieu que vous pussiez

154 1236 1289 117 profitter de toutes mes experiences

148 1328 1260 126 sans qu'il vous les fallust avoir

139 1441 1245 106 et que vous senssiez qu'il ni a

150 1535 1177 121 plus ni amitié ni goust ni

147 1653 1293 100 fidelité pour vous ni pour moy

150 1756 1239 95 on ne vous parle ni on ne vous

1374 107 29 58 5
