2000 2556
281 334 1527 168 Si vous avez receu la derniere lettre

240 475 1535 122 que je vous ayes escritte vous aurez

259 576 1570 119 veu que j'ay jugé comme vous qu'il

228 671 1602 156 n'y a rien de meilleur que de loüer

226 783 1603 175 la maison et vous en mettre en posession

223 917 1474 159 apres cela il en arrivera ce qui

207 1039 1619 156 pourra et nous en trouverons peut

215 1164 1561 153 estre quelque autre je seray tres

210 1307 1612 137 aisé de vous avoir aportée de mes

219 1418 1614 153 visittes et de vos messages et i'espere

210 1577 1581 109 que nous aurons un grand comerce

217 1695 1594 128 Armande est bien heureuse d'estre

217 1840 1595 111 entre vos mains ni consulter qui

237 1996 1581 98 que c'estoit on vous confieroit quelq¬

240 2112 1536 156 chose de plus important Mr

1754 68 37 110 1

1110 146 719 85 A Fontainebleau ce

1368 219 452 100 23 Aoust

1104 213 264 74 Acq. Nouv. fr

1187 286 200 87 N^o 1992
