4666 6475
3472 415 135 335 84

1803 512 1680 232 a Hilpoltstein ce 2/12 decembre 1674

1787 690 1691 220 Coppie d'une lettre de M^r le Prince de

1766 859 1590 187 Soultzbach a M^r le Baron Ridal

1784 1046 572 191 Monsieur

1748 1233 1853 166 Vous avez sy genereusement assisté a mes desastres

1755 1366 1820 184 qui m'ont poursuivÿ quelq^e anneës que je passerois

1748 1507 1889 165 pour ingrat sy je ne vous faisois part de la misericorde

1737 1618 1903 187 que Dieu repand sur ma personne, en ce qu'il a pleu

1726 1741 1900 169 a la bonté divine d'inspirer a S. A. E. de Baviere de

1719 1877 1889 169 m'attirer en ses services, avec les avantages qu'elle a

1723 2018 1906 143 bien voulu m'ériger pour mareschal general de son

1712 2129 1860 162 armeë, Chef de son Conseil de Guerre, et grand maistre

1712 2266 1917 151 de l'artellerie, Elle m'a Conferé de plus un Regiment

1708 2395 1939 126 d'Infanterie, voiez Monsieur s'il vous plaist si en cet

1716 2521 1924 155 Estat vous me pourez sommer a reconnoistre ce que je

1698 2658 1885 126 vous dois, vous estes dans un poste ou mes officers

1694 2773 1813 158 ne scauroient pas atteindre, mais sy M^rs vos filz

1690 2906 1885 169 trouvent chez moy de quoy se contenter, je vous promets

1694 3032 1892 187 qu'ils ne blanchiront point dans leurs attentes, je vois
