4666 6480
2423 237 1814 202 De Nice de mon ceur mon aimable souvenir

3969 383 156 194 66

2387 568 1861 206 Tu ne me console point par tes lettres

2383 741 1883 187 dou (helme) crois tu qu'on se trouve

2394 892 1847 198 esseulé, et privé d'une picquetiere sans

2394 1065 1893 159 ressentiment, donne moy donc barbare un

2394 1206 1865 158 ceur comme le tien, tu scais que j'aime

2394 1339 1865 147 rarement mais j'aime constamment quand

2387 1486 1843 155 j'aime, consulte en toy mesme sy je ne

2358 1605 1865 198 scai quoy ne t'accuse pas de peu de  (Sainte

2351 1771 1839 158 conoissant que je >< >< crime dont tu

3056 1717 567 119 te reproche le

2347 1911 1886 169 as droit d'accuser les autres c'est que tu

2361 2041 1793 162 m'abandonne a mon chagrin et qu'il ne

2336 2196 1815 151 me vient que de ne te point voir je te

2329 2322 1854 165 redemande a touts les endroitz de ceans

2329 2458 1116 188 mais K^e anet Froustan

2322 2746 565 166 le 14 avril 1672

3139 2588 508 317 Vitdegrain
