4675 6496
1216 3468 2733 259 Vostre lettre est trop serieuse pour un homme dont le

1238 3691 2729 199 nom a fait rire un laquais Normand que vous avez toujours

1234 3850 2628 213 prit pour Allemand a mez services. Je ne scay pas quel

1241 4009 2632 213 joyeus souvenir il luy a pris en luy disant de metre

1241 4179 2683 198 vostre lettre avec mes autres ou j'avois a repondre, mais

1241 4323 2459 206 je suis obligé de vous dire qu'il a ceu avec grand

1241 4460 2672 235 plaisir que nous avions encore quelque comerce, les

1245 4651 2610 195 effets qui se raportent a la voie populaire jugeroient

1238 4814 2707 205 que le vostre est fort agreable pas la seulement mais

1241 4947 2708 242 pour faire un jugement eslevé s'est vous dire que

1241 5106 2690 224 c'est par moy mesme que j'y prens goust et je parlay

1238 5449 2639 184 point plus d'obligation pour estre en Picardie que

1216 5586 2643 224 quand nous estions a Gennes a lire vers le bourg

1212 5723 2679 260 de s^t Pierre D'arennes, la secchia rapita, je suis

3672 2863 136 200 68
