4666 6480
2314 1897 2096 151 Vous me demandés puis q̶ vous le jugés necessaire

2333 2030 1742 140 po̾ le parachevem̃ de >votre< piece. D'ailleurs

2333 2152 2055 141 l'Amour que je dois avoir pour ma propre besogne

2329 2260 2063 148 et po̾ l'ornem̾ de ma patrie me retient. Neantmoins

2296 2383 2110 155 Monsieur Assin de tesmoigner l'envie que j'ay d'avance

2322 2498 2070 162 Cy ce qui depend de moy l'edition d'une si belle

2304 2620 2102 170 chose. Je consens que nos Travaux soient veus par

2260 2746 2143 152 un Amy Commun qui jugera lequel de nous deux

2311 2854 2088 170 Sa le plus de connoissance de l'origine et des Grandeurs

2318 2980 2049 159 de ceste mao̾n. Po̾ condamner celuy qui en aura le

2307 3099 2103 151 moins à tout donner à l'autre. Aussy est il juste

2318 3211 2049 191 qu'en cela co̾e en toutes chose le plus riche face la loy

2318 3340 2081 170 au plus pauvre. J'attendray vos sentimens la dessus

2307 3456 2132 190 Ne desirant rien tant que de nous confirmer dans la

2318 3607 1609 173 creance que vous devés avoir que je suis.

2289 4471 656 158 Monsieur

3614 4600 731 137 Vostre tres humble

3611 4716 702 133 & obeissant serviteur

2228 4759 1077 180 A Bourg ce 14.May 1640.

3780 4820 482 148 Guichenon
