4676 6486
1708 1340 540 346 Baluze, vol. 209.

2297 2070 632 324 Monsieur.

2202 2511 2088 162 Si j'eusse receu ce que vous m'aviez fait esperer de la

2213 2634 2066 140 ma̾on de Villars J'eusse escrit d'un autre ton à Monsieur

2206 2749 2062 137 d'Hozier, mais deux ans de silence estoient bien capables

2148 2875 2142 159 de fe̾ naistre d'autres pensées en moy q̶ celles desquelles

2217 2987 2084 169 il semble que vous vous estes formalizé. Je veux pourtant

2224 3138 1972 151 croire que vous vous estes souvent de ce q̶ vous m'aviés

2206 3246 2069 159 promis aussy quoy q̶ j'aye escrit. J'avois bien peine à

2181 3365 2062 151 me le persuader. Mais laissant ce discours je passe

2205 3459 2043 173 à un autre et apres nous avoir rendu graces de vré

3816 3567 341 86 ⎀d'appremer

2213 3599 2044 159 charte genealogique de Coligny. Je ne me puis empescher⎀

2123 3725 2113 159 Le louable dessein q̶ vous avés d'en publier l'histoire

2213 3848 2023 155 entiere. Ceste entreprise est genereuse et n'estoit pas

2184 3974 2073 137 digne d'un autre. Toutesfois je me trouve si malheureux

2163 4100 2091 155 d'avoir le mesme desir parce q̶ l'histoire de ceste

2191 4215 2074 152 mao̾n fait une partie de l'ouvrage que j'ay commencé

2195 4345 2055 169 pour ceste province. Ce qui forme un grand combat

2213 4468 2005 151 en mon esprit et qui me jette dans la resolution

2188 4583 2051 162 car d'un costé il me fasche de vous refuser ce que

3794 1345 298 292 46 bis
