4663 6484
1449 2988 2424 410 Apres les recommandantions de Mons^r de Lyra, et de Mons^r le Marquis

1664 3368 2180 122 de Grane la mienne ne peut servir aupres de vous à Mons^r

1571 3472 2248 141 de Magalotti que pour vous persuader, Monsieur, que tous

1617 3580 2260 126 ceux qui le connoissent amis ou ennemis conviennent esgalement

1621 3681 2238 166 sur le merite de sa personne, le mieux que vous puissiez faire

1628 3796 2159 162 pour ne pas perdre un moment de temps, et ne vous pas

1625 3894 2245 165 priver pendant celuy qu'on donne d'ordinaire aux premieres

1628 3994 2159 166 ceremonies du plaisir de jouir promptement d'un comerce

1628 4088 2235 180 aussy agreable que vous trouverez le sien, c'est de comencer

1621 4192 2213 177 a vivre avec luy dés qu'il vous auras rendu ma lettre, come

1610 4286 2242 180 vous fuisiez avec moy, je luy ai repondu que vous prendriés

1606 4371 2164 189 ce parti la sur ma parolle et j'espere que vous voudrés bien

3294 4414 92 103 la

1596 4477 2259 198 degager, j'en attendray mesme bientost des remerciments de vostre part

1610 4589 2216 198 come je suis asseuré que j'en receueray de la sienne : fiez vous

1610 4704 2195 159 a moy, Monsieur le Comte, vous pouvez demeurer encor en

1595 4776 2272 222 Suede autant que la guerre durera, ce qui peut aller assez loing,

1603 4913 2245 169 sans y veoir arriver aucun voyageur, en qui vous puissiez rencontrer

1610 4985 2130 180 plus d'esprit, de connoisance, d'honesteté, de politesse et de

1567 5082 2227 162 discretion qu'en Mons^r de Magalotti il vous informera de tout ce

1599 5187 2227 169 qui s'est passé icy, dites luy un peu des nouvelles de vos galanteries

1589 5277 2201 180 afin qu'elles viennent jusqu'à moy, ce que j'ay neantmoins le plus

1567 5352 2209 181 d'envie de scavoir c'est d'aprendre ce que vous deviendrés, et si

1596 5435 2220 188 la Suede vous perdera bientot contre le jugement que j'en ay fait

1606 5516 2180 206 ce sera un grand advantage pour le Roy mon maistre et j'ÿ

1603 5601 2166 184 trouverois le mien particulier puisqu'en vous rapprochant du

1596 5705 2162 170 pays ou je seray, je pourray avoir quelque occasion de vous

1596 5777 2209 173 rendre service c'est la chose du monde que je souhaitte le plus

1596 5875 2176 162 puisqu'il n'y a rien qui puisse m'empecher d'estre avec toute sorte

1556 5958 1380 129 d'estime et de verité entierement a vous.

2493 2716 1009 180 De Cologne 1^r Mars 1674

3575 2793 103 205 93
