4676 6493
1672 2932 655 233 Monsieur

3961 3022 199 148 Je

1526 3199 2691 162 vous assure que vous m'avés fait un tres grand plaisir de m'écrire

1544 3383 2637 155 et je voudrois meme pouvoir lier quelque commerce de lettres avec

1547 3567 2634 141 vous, sans neantmoins vous engager a me demander autre chose que

1555 3733 2529 115 des nouvelles publique et sans consequence, et meme des nouvelles

1547 3888 2508 152 de belles lettres du pais ou vous estes. pourveu que cela ne vous

1547 4054 2587 155 detourne point des ocupations que vous avés aupres de Monsieur

1544 4209 2619 173 l'Ambassadeur, je vous en serai tres obligé. vous scavés que je vous

1565 4371 2641 181 ai toujours temoigné de l'estime, et en effet j'en ai une tres particuliere

1576 4555 2558 156 pour vous, l'eloignement ne change point en moi les sentimens

1569 4711 2637 165 que j'ai une fois conceus pour les personnes de merite. Je suis persuadé

1576 4869 2533 170 du vostre autant qu'on le peut estre, dans toutes les occasions qui

1569 5039 2500 173 s'en offriront je vous ferai vois que je suis de tout mon coeur

1670 5313 502 180 Monsieur

2960 5594 1201 244 Vostre tres affectionné serviteur

1607 5795 1007 194 a Paris le 23 juin 1675

2971 5784 833 194 Delamoignon/

1558 6085 736 177 M^r de la Picquetiere

3853 2754 135 178 69
