<alto xmlns:xsi="http://www.w3.org/2001/XMLSchema-instance" xmlns="http://www.loc.gov/standards/alto/ns-v4#" xsi:schemaLocation="http://www.loc.gov/standards/alto/ns-v4# http://www.loc.gov/standards/alto/v4/alto-4-2.xsd">
  <Description>
    <MeasurementUnit>pixel</MeasurementUnit>
    <sourceImageInformation>
      <fileName>Exposition_des_tableaux_sculptures_gravures_...Deloynes_Jean-Charles_btv_k6BOTrs.pdf_page_6.png</fileName>
      <fileIdentifier>zip//export_doc3757_reserve_8_ya3_27_47_1209_f1_5_alto_202401161329.zip/Exposition_des_tableaux_sculptures_gravures_...Deloynes_Jean-Charles_btv_k6BOTrs.pdf_page_6.png</fileIdentifier>
    </sourceImageInformation>
  </Description>
  
  <Tags>
    <OtherTag ID="BT10159" LABEL="TitlePageZone" DESCRIPTION="block type TitlePageZone"/><OtherTag ID="BT10158" LABEL="TableZone" DESCRIPTION="block type TableZone"/><OtherTag ID="BT10157" LABEL="StampZone" DESCRIPTION="block type StampZone"/><OtherTag ID="BT10156" LABEL="SealZone" DESCRIPTION="block type SealZone"/><OtherTag ID="BT10155" LABEL="RunningTitleZone" DESCRIPTION="block type RunningTitleZone"/><OtherTag ID="BT10154" LABEL="QuireMarksZone" DESCRIPTION="block type QuireMarksZone"/><OtherTag ID="BT10153" LABEL="NumberingZone" DESCRIPTION="block type NumberingZone"/><OtherTag ID="BT10152" LABEL="MusicZone" DESCRIPTION="block type MusicZone"/><OtherTag ID="BT10151" LABEL="MarginTextZone" DESCRIPTION="block type MarginTextZone"/><OtherTag ID="BT10150" LABEL="MainZone" DESCRIPTION="block type MainZone"/><OtherTag ID="BT10149" LABEL="DropCapitalZone" DESCRIPTION="block type DropCapitalZone"/><OtherTag ID="BT10148" LABEL="DigitizationArtefactZone" DESCRIPTION="block type DigitizationArtefactZone"/><OtherTag ID="BT10147" LABEL="DecorationZone" DESCRIPTION="block type DecorationZone"/><OtherTag ID="BT10146" LABEL="DamageZone" DESCRIPTION="block type DamageZone"/><OtherTag ID="BT4" LABEL="Illustration" DESCRIPTION="block type Illustration"/><OtherTag ID="BT3" LABEL="Commentary" DESCRIPTION="block type Commentary"/><OtherTag ID="BT2" LABEL="Main" DESCRIPTION="block type Main"/><OtherTag ID="BT1" LABEL="Title" DESCRIPTION="block type Title"/>
    <OtherTag ID="LT3967" LABEL="DefaultLine" DESCRIPTION="line type DefaultLine"/><OtherTag ID="LT4" LABEL="Signature" DESCRIPTION="line type Signature"/><OtherTag ID="LT2" LABEL="Numbering" DESCRIPTION="line type Numbering"/><OtherTag ID="LT1" LABEL="Main" DESCRIPTION="line type Main"/><OtherTag ID="LT3" LABEL="Correction" DESCRIPTION="line type Correction"/><OtherTag ID="LT3970" LABEL="InterlinearLine" DESCRIPTION="line type InterlinearLine"/><OtherTag ID="LT3969" LABEL="HeadingLine" DESCRIPTION="line type HeadingLine"/><OtherTag ID="LT3968" LABEL="DropCapitalLine" DESCRIPTION="line type DropCapitalLine"/>
  </Tags>
  
  <Layout>
    <Page WIDTH="4267" HEIGHT="6979" PHYSICAL_IMG_NR="3" ID="eSc_dummypage_">
      <PrintSpace HPOS="0" VPOS="0" WIDTH="4267" HEIGHT="6979">
        
        <TextBlock HPOS="527.0" VPOS="279.0" WIDTH="3674.0" HEIGHT="5998.0" ID="eSc_textblock_ad3996d2" TAGREFS="BT10150">
          <Shape><Polygon POINTS="1687 279 2025 372 2327 387 3782 356 4061 542 4030 1407 4045 1779 4170 2279 4092 2663 4201 4074 4092 4311 4092 5734 3906 6168 3782 6215 1551 6277 1392 6215 620 6184 527 6122 527 666 582 427 644 356 1164 333"/></Shape>
          
          
          <TextLine ID="eSc_line_77fc93c9" TAGREFS="LT3967" BASELINE="643 306 1117 306" HPOS="643.0" VPOS="62.0" WIDTH="474.0" HEIGHT="290.0">
            <Shape><Polygon POINTS="1109 62 1074 62 985 81 973 77 927 62 915 62 876 62 826 108 791 135 643 139 643 306 643 333 1113 352 1117 306 1113 62 1109 62"/></Shape>
	    <String CONTENT="146" HPOS="643.0" VPOS="62.0" WIDTH="474.0" HEIGHT="290.0"/>
          </TextLine>

          
          
          <TextLine ID="eSc_line_bf2131b3" TAGREFS="LT3967" BASELINE="585 608 2517 608 3999 639" HPOS="581.0" VPOS="438.0" WIDTH="3418.0" HEIGHT="252.0">
            <Shape><Polygon POINTS="581 647 659 643 678 655 694 666 698 666 702 666 705 666 709 666 740 655 775 635 993 631 1163 659 1249 670 1252 670 1311 659 1431 635 1687 635 1733 663 1741 666 1745 666 1749 666 1753 666 1764 663 1854 639 1892 666 1904 674 1908 674 1912 674 2071 678 2075 678 2156 666 2311 643 2408 670 2443 678 2447 678 2451 678 2502 670 2571 659 2622 670 2661 682 2664 682 2668 686 2878 686 2878 682 2882 682 2886 682 2897 674 2913 663 2955 674 2986 682 2990 682 2994 682 2998 682 3017 674 3056 659 3270 678 3378 686 3382 686 3386 686 3413 678 3502 651 3638 682 3689 690 3692 690 3696 690 3716 682 3774 655 3991 682 3999 639 3999 531 3545 527 3359 453 3355 453 3351 453 3208 480 3145 453 3142 453 2998 449 2994 449 2777 480 2711 449 2707 449 2567 449 2564 449 2560 449 2459 480 2358 453 2354 453 2350 453 2346 453 2195 500 2164 480 2160 480 2156 480 2152 480 2009 488 1900 442 1896 442 1892 442 1889 442 1761 507 1613 442 1609 442 1477 438 1474 438 1470 438 1369 488 1264 492 1194 465 1190 465 1187 465 1183 465 1035 504 930 461 927 461 923 461 585 500 585 608"/></Shape>
	    <String CONTENT="l'academie de france a rome, vanloo le" HPOS="581.0" VPOS="438.0" WIDTH="3418.0" HEIGHT="252.0"/>
          </TextLine>

          
          
          <TextLine ID="eSc_line_13465e1a" TAGREFS="LT3967" BASELINE="589 837 1276 868 2207 864 3987 903" HPOS="585.0" VPOS="666.0" WIDTH="3402.0" HEIGHT="295.0">
            <Shape><Polygon POINTS="589 837 585 864 775 891 779 891 783 891 834 872 1004 911 1008 911 1187 891 1245 915 1249 915 1454 918 1458 918 1462 918 1508 899 1772 926 1776 926 1780 926 1900 891 2203 934 2207 934 2211 934 2280 899 2428 899 2474 930 2478 930 2482 930 2486 930 2626 911 2672 942 2676 942 2680 942 2684 942 3014 915 3498 918 3580 961 3584 961 3588 961 3983 926 3987 903 3987 783 3785 763 3731 732 3727 732 3723 732 3720 732 3611 775 3607 775 3603 775 3475 717 3471 717 3467 717 3254 740 3153 690 3149 690 2983 686 2979 686 2975 686 2971 686 2874 748 2727 756 2579 678 2575 678 2571 678 2405 701 2362 674 2358 674 2354 674 2172 670 2044 670 2040 670 2036 670 2032 670 1935 732 1854 694 1850 694 1846 694 1842 694 1737 732 1633 666 1629 666 1625 666 1621 666 1617 666 1427 732 969 728 969 725 884 686 880 686 876 686 589 717 589 837"/></Shape>
	    <String CONTENT="pere a londres, silvestre a la cour du roi" HPOS="585.0" VPOS="666.0" WIDTH="3402.0" HEIGHT="295.0"/>
          </TextLine>

          
          
          <TextLine ID="eSc_line_98f1d445" TAGREFS="LT3967" BASELINE="577 1128 3964 1159" HPOS="574.0" VPOS="922.0" WIDTH="3390.0" HEIGHT="310.0">
            <Shape><Polygon POINTS="577 1128 574 1178 624 1201 628 1201 632 1201 876 1182 969 1174 985 1182 1031 1205 1035 1205 1039 1205 1221 1186 1567 1209 1571 1209 1683 1186 1745 1174 1889 1190 2036 1201 2040 1201 2044 1201 2067 1190 2106 1170 2269 1170 2323 1190 2389 1217 2393 1217 2397 1217 2556 1194 2633 1182 3533 1182 3584 1198 3665 1229 3669 1229 3673 1232 3898 1232 3898 1229 3902 1229 3960 1201 3964 1159 3960 1027 3824 1027 3824 1023 3747 984 3743 984 3739 984 3549 1008 3401 953 3398 953 3394 953 3390 953 3273 1011 3107 953 3103 953 3099 953 3095 953 2913 1011 2893 1015 2886 1008 2789 942 2785 942 2781 942 2777 942 2598 973 2595 973 2591 973 2548 1004 2533 1011 2180 1000 2152 1000 2079 949 2075 949 2071 949 1846 930 1842 930 1838 930 1695 992 1664 1008 1477 1008 1446 988 1318 926 1315 926 1311 926 1093 942 993 922 989 922 985 922 876 980 872 980 694 930 690 930 686 930 682 930 577 973 577 1128"/></Shape>
	    <String CONTENT="de Pologne, electeur de Saxe a dresde," HPOS="574.0" VPOS="922.0" WIDTH="3390.0" HEIGHT="310.0"/>
          </TextLine>

          
          
          <TextLine ID="eSc_line_38af6a8a" TAGREFS="LT3967" BASELINE="570 1442 3983 1426" HPOS="566.0" VPOS="1209.0" WIDTH="3417.0" HEIGHT="303.0">
            <Shape><Polygon POINTS="570 1442 570 1504 643 1508 647 1508 651 1508 659 1504 729 1469 946 1469 1058 1500 1082 1508 1086 1508 1090 1512 1268 1512 1268 1508 1318 1500 1481 1465 1733 1465 1803 1496 1807 1496 1811 1496 1815 1496 1819 1496 1827 1492 1892 1465 2129 1465 2172 1488 2176 1488 2180 1488 2183 1488 2339 1461 2405 1488 2432 1500 2436 1500 2439 1500 2443 1500 2478 1488 2536 1465 2591 1488 2626 1500 2630 1500 2633 1504 2804 1504 2804 1500 2808 1500 2851 1484 2917 1461 3048 1484 3091 1488 3095 1488 3215 1481 3401 1469 3425 1481 3460 1496 3464 1496 3467 1496 3754 1477 3770 1477 3778 1477 3898 1496 3902 1496 3906 1496 3983 1473 3983 1426 3972 1275 3848 1275 3836 1271 3669 1209 3665 1209 3661 1209 3657 1209 3533 1256 3452 1244 3448 1244 3444 1244 3440 1244 3405 1271 3394 1275 3324 1271 3111 1252 3107 1252 2975 1267 2940 1271 2936 1267 2851 1209 2847 1209 2843 1209 2661 1209 2657 1209 2653 1209 2533 1256 2405 1236 2401 1236 2397 1236 2319 1263 2265 1283 2207 1263 2168 1252 2164 1252 2160 1252 2156 1252 2152 1252 2137 1263 2106 1287 1792 1287 1714 1260 1691 1256 1687 1256 1683 1256 1679 1256 1668 1260 1629 1279 1602 1260 1536 1213 1532 1213 1528 1213 1524 1213 1303 1217 1299 1217 1295 1217 1237 1260 1194 1287 1140 1260 1058 1217 1055 1217 942 1217 938 1217 934 1217 822 1256 744 1217 740 1217 651 1217 647 1217 643 1217 566 1248 570 1442"/></Shape>
	    <String CONTENT="Vanloo fils a madrid, bousseau sculpteur" HPOS="566.0" VPOS="1209.0" WIDTH="3417.0" HEIGHT="303.0"/>
          </TextLine>

          
          
          <TextLine ID="eSc_line_41024172" TAGREFS="LT3967" BASELINE="589 1705 1291 1729 3952 1733" HPOS="585.0" VPOS="1512.0" WIDTH="3367.0" HEIGHT="298.0">
            <Shape><Polygon POINTS="589 1705 585 1744 841 1748 899 1779 903 1779 907 1779 911 1779 981 1752 1124 1799 1128 1799 1132 1799 1730 1756 1900 1802 1904 1802 1908 1802 1912 1802 2028 1756 2114 1802 2117 1802 2121 1802 2125 1802 2226 1775 2331 1795 2335 1795 2339 1795 2478 1756 2622 1756 2730 1802 2734 1802 2851 1806 2855 1806 3138 1775 3219 1806 3223 1806 3227 1810 3378 1810 3378 1806 3382 1806 3475 1760 3723 1764 3789 1799 3793 1799 3797 1799 3801 1799 3805 1799 3859 1760 3948 1756 3952 1733 3948 1578 3731 1543 3727 1543 3723 1543 3642 1578 3588 1601 3522 1578 3429 1547 3425 1547 3421 1547 3417 1547 3343 1578 3285 1609 3169 1609 3045 1581 3041 1581 2932 1519 2928 1519 2761 1515 2758 1515 2754 1515 2750 1515 2645 1585 2614 1605 2389 1605 2362 1585 2292 1535 2288 1535 2284 1535 2207 1523 2203 1523 2199 1523 2195 1523 2156 1547 2086 1515 2083 1515 1827 1515 1823 1515 1819 1515 1815 1515 1749 1558 1722 1543 1718 1543 1714 1543 1710 1543 1574 1589 1571 1589 1567 1589 1427 1562 1423 1562 1419 1562 1361 1589 1349 1601 1198 1601 1132 1597 1124 1593 977 1512 973 1512 969 1512 965 1512 802 1574 733 1562 729 1562 589 1593 589 1705"/></Shape>
	    <String CONTENT="aussi a madrid, Van chuppen directeur" HPOS="585.0" VPOS="1512.0" WIDTH="3367.0" HEIGHT="298.0"/>
          </TextLine>

          
          
          <TextLine ID="eSc_line_bc804445" TAGREFS="LT3967" BASELINE="589 1992 1788 2027 4007 2012" HPOS="589.0" VPOS="1841.0" WIDTH="3418.0" HEIGHT="272.0">
            <Shape><Polygon POINTS="589 1992 589 2051 958 2047 981 2054 1039 2074 1043 2074 1047 2074 1051 2074 1101 2054 1113 2051 1128 2054 1318 2109 1322 2109 1326 2113 1423 2113 1423 2109 1427 2109 1551 2054 1559 2054 1710 2054 1718 2054 1799 2109 1803 2109 1807 2109 1811 2109 1947 2078 1989 2109 1993 2109 1997 2109 2001 2113 2218 2113 2218 2109 2401 2070 2598 2109 2602 2113 2823 2113 2823 2109 2827 2109 2909 2066 2986 2082 2990 2082 2994 2082 3048 2062 3076 2051 3118 2062 3180 2078 3184 2078 3188 2082 3258 2082 3258 2078 3262 2078 3266 2078 3285 2062 3312 2047 3460 2047 3491 2062 3502 2070 3506 2070 3510 2070 3514 2070 3553 2062 3626 2047 3999 2062 4007 2012 4003 1923 3774 1923 3766 1915 3681 1857 3677 1857 3673 1857 3626 1857 3623 1857 3619 1857 3491 1907 3464 1919 3421 1907 3200 1845 3196 1845 3192 1845 3188 1845 3068 1899 3029 1915 2983 1895 2948 1884 2944 1884 2940 1884 2936 1884 2909 1895 2847 1923 2606 1923 2513 1892 2509 1892 2505 1892 2350 1895 2319 1880 2245 1845 2242 1845 1982 1845 1978 1845 1974 1845 1970 1845 1931 1872 1912 1884 1679 1919 1590 1907 1516 1861 1493 1845 1489 1845 1485 1845 1361 1845 1357 1845 1353 1845 1318 1857 1187 1903 946 1919 783 1845 779 1845 589 1841 589 1992"/></Shape>
	    <String CONTENT="de l'academie aulique de peinture et de" HPOS="589.0" VPOS="1841.0" WIDTH="3418.0" HEIGHT="272.0"/>
          </TextLine>

          
          
          <TextLine ID="eSc_line_4de6004b" TAGREFS="LT3967" BASELINE="597 2299 1404 2326 2715 2334 4014 2306" HPOS="593.0" VPOS="2120.0" WIDTH="3421.0" HEIGHT="272.0">
            <Shape><Polygon POINTS="597 2299 597 2357 698 2357 709 2361 779 2388 783 2388 787 2388 1012 2365 1101 2388 1105 2388 1109 2388 1408 2368 1730 2388 1733 2388 1737 2388 1792 2368 1803 2365 1811 2368 1869 2384 1873 2384 1877 2384 1982 2368 2036 2361 2075 2368 2137 2384 2141 2384 2145 2384 2245 2368 2311 2361 2381 2372 2486 2388 2490 2388 2494 2388 2536 2372 2575 2357 2750 2372 2905 2388 2909 2388 2967 2376 3048 2357 3130 2376 3188 2388 3192 2392 3471 2392 3471 2388 3475 2388 3479 2388 3491 2380 3533 2357 4007 2380 4014 2306 4010 2178 3809 2120 3805 2120 3642 2120 3638 2120 3634 2120 3526 2178 3475 2202 3289 2182 3285 2182 3281 2182 3277 2182 3246 2206 3208 2175 3169 2147 3165 2147 3161 2147 3017 2120 3014 2120 3010 2120 3006 2120 2920 2175 2878 2202 2777 2182 2773 2182 2769 2182 2765 2182 2707 2217 2610 2190 2606 2190 2602 2190 2598 2190 2525 2221 2439 2221 2393 2186 2389 2186 2385 2186 2381 2186 2377 2186 2304 2206 2234 2175 2230 2175 2226 2175 2222 2175 2211 2175 2094 2202 2036 2178 2032 2178 2028 2178 2024 2178 1943 2221 1380 2221 1307 2175 1221 2120 1218 2120 1214 2120 698 2120 694 2120 690 2120 593 2171 597 2299"/></Shape>
	    <String CONTENT="Sculpture de l'empereur a Vienne, Penne" HPOS="593.0" VPOS="2120.0" WIDTH="3421.0" HEIGHT="272.0"/>
          </TextLine>

          
          
          <TextLine ID="eSc_line_1bae6435" TAGREFS="LT3967" BASELINE="593 2597 1210 2605 2094 2644 4034 2617" HPOS="593.0" VPOS="2434.0" WIDTH="3441.0" HEIGHT="272.0">
            <Shape><Polygon POINTS="4026 2508 3867 2508 3859 2504 3805 2465 3801 2465 3797 2465 3615 2434 3611 2434 3607 2434 3417 2493 3398 2500 3386 2493 3301 2438 3297 2438 3293 2438 3103 2438 3099 2438 3095 2438 2998 2485 2951 2512 2583 2512 2509 2477 2482 2465 2478 2465 2474 2465 2470 2465 2443 2477 2362 2512 2261 2512 2187 2469 2145 2450 2141 2450 2137 2450 2133 2450 2090 2469 1993 2512 1889 2465 1834 2442 1830 2442 1671 2442 1668 2442 1664 2442 1598 2458 1501 2485 1241 2465 1237 2465 1062 2485 822 2446 799 2442 593 2442 593 2597 597 2706 744 2655 1128 2655 1194 2698 1198 2702 1202 2702 1206 2702 1210 2706 1427 2706 1427 2702 1431 2702 1435 2702 1443 2694 1481 2671 1706 2690 1722 2690 1726 2690 1745 2690 1912 2675 1982 2686 2044 2698 2048 2698 2362 2683 2439 2679 2451 2679 2521 2698 2525 2698 2529 2698 2533 2698 2571 2679 2579 2675 2598 2679 2684 2694 2688 2694 2781 2675 2827 2667 2878 2675 3041 2698 3045 2698 3048 2698 3134 2671 3149 2667 3192 2671 3386 2686 3390 2686 3394 2686 3398 2686 3425 2667 3452 2648 3572 2663 3712 2683 3716 2683 3720 2683 3782 2659 3824 2648 4026 2655 4034 2617 4026 2508"/></Shape>
	    <String CONTENT="premier peintre du roi de Prusse a" HPOS="593.0" VPOS="2434.0" WIDTH="3441.0" HEIGHT="272.0"/>
          </TextLine>

          
          
          <TextLine ID="eSc_line_7ba04227" TAGREFS="LT3967" BASELINE="570 2896 1885 2931 2835 2931 4053 2900" HPOS="566.0" VPOS="2725.0" WIDTH="3487.0" HEIGHT="275.0">
            <Shape><Polygon POINTS="570 2896 566 2946 682 2969 686 2969 892 2950 1043 2993 1047 2993 1051 2993 1652 2958 2094 2997 2098 2997 2540 2954 2727 2997 2730 2997 2734 2997 2812 2969 2920 2997 2924 2997 2928 2997 3041 2973 3126 2997 3130 2997 3134 2997 3138 2997 3211 2958 3320 2954 3409 2997 3413 2997 3417 3000 3564 3000 3564 2997 3568 2997 3704 2954 3898 2973 3902 2973 4049 2950 4053 2900 4049 2795 3785 2756 3782 2756 3634 2791 3626 2791 3623 2791 3514 2729 3510 2729 3506 2729 3390 2733 3386 2733 3320 2768 3223 2737 3219 2737 3215 2737 3211 2737 3122 2787 3114 2791 3103 2787 3041 2760 3037 2760 3033 2760 3029 2760 2983 2783 2967 2795 2719 2795 2699 2783 2606 2733 2602 2733 2598 2733 2595 2733 2513 2772 2381 2779 2230 2791 2203 2779 2083 2725 2079 2725 1830 2725 1827 2725 1823 2725 1745 2768 1636 2725 1633 2725 1629 2725 1435 2772 1373 2791 1024 2791 969 2772 837 2725 834 2725 674 2725 671 2725 667 2725 570 2764 570 2896"/></Shape>
	    <String CONTENT="Berlin, rosalba carriera a venise, jean" HPOS="566.0" VPOS="2725.0" WIDTH="3487.0" HEIGHT="275.0"/>
          </TextLine>

          
          
          <TextLine ID="eSc_line_325e5776" TAGREFS="LT3967" BASELINE="570 3202 1854 3225 4049 3206" HPOS="566.0" VPOS="3020.0" WIDTH="3483.0" HEIGHT="291.0">
            <Shape><Polygon POINTS="570 3202 570 3311 783 3284 787 3284 791 3284 845 3252 907 3252 1012 3307 1016 3307 1020 3311 1140 3311 1140 3307 1144 3307 1148 3307 1252 3252 1505 3272 1508 3272 1671 3252 1733 3295 1737 3295 1741 3295 1745 3295 1904 3280 1939 3295 1962 3307 1966 3307 1970 3307 1974 3307 2009 3295 2075 3276 2152 3295 2211 3307 2214 3311 2439 3311 2439 3307 2443 3307 2447 3307 2470 3291 2509 3264 2622 3287 2692 3303 2695 3303 2699 3303 2734 3287 2777 3272 2851 3287 2882 3291 2886 3291 2928 3287 3017 3272 3060 3284 3122 3303 3126 3303 3130 3303 3134 3303 3176 3284 3200 3272 3254 3284 3285 3287 3289 3287 3293 3287 3297 3287 3304 3280 3363 3249 3568 3268 3572 3268 3576 3268 3630 3249 3948 3249 4038 3272 4049 3206 4042 3105 3917 3105 3917 3101 3727 3039 3723 3039 3720 3039 3716 3039 3712 3039 3611 3101 3607 3105 3502 3105 3495 3101 3173 3059 3118 3020 3114 3020 3111 3020 2870 3020 2866 3020 2862 3020 2858 3020 2820 3043 2727 3020 2723 3020 2719 3020 2715 3020 2544 3101 2533 3109 2420 3109 2401 3101 2222 3035 2218 3035 2214 3035 2211 3035 2059 3101 2052 3101 2032 3101 1846 3070 1842 3070 1838 3070 1780 3097 1764 3109 1505 3109 1485 3097 1346 3047 1342 3047 1338 3047 1260 3055 1152 3024 1148 3024 849 3024 845 3024 841 3024 740 3063 678 3047 674 3047 671 3047 667 3047 566 3094 570 3202"/></Shape>
	    <String CONTENT="paul panini a rome, Pellegrini a" HPOS="566.0" VPOS="3020.0" WIDTH="3483.0" HEIGHT="291.0"/>
          </TextLine>

          
          
          <TextLine ID="eSc_line_bd7aee86" TAGREFS="LT3967" BASELINE="550 3520 1404 3512 2405 3532 4053 3497" HPOS="546.0" VPOS="3330.0" WIDTH="3507.0" HEIGHT="260.0">
            <Shape><Polygon POINTS="550 3520 550 3555 1369 3551 1380 3551 1543 3590 1547 3590 1551 3590 1656 3551 1656 3547 1865 3547 1869 3547 1935 3582 1939 3582 1943 3586 2474 3586 2474 3582 2990 3574 2994 3574 3079 3536 3145 3574 3149 3574 3153 3574 3157 3574 3355 3536 3611 3559 3615 3559 3619 3559 3689 3532 3820 3567 3824 3567 3828 3567 4049 3524 4053 3497 4045 3392 3805 3338 3801 3338 3797 3338 3700 3380 3626 3388 3522 3400 3270 3400 3242 3384 3165 3342 3161 3342 3157 3342 3153 3342 3048 3380 3002 3400 2959 3380 2893 3349 2889 3349 2886 3349 2882 3349 2796 3380 2730 3404 2680 3380 2595 3334 2591 3334 2587 3334 2583 3334 2439 3377 2335 3411 2075 3411 1974 3373 1885 3338 1881 3338 1877 3338 1873 3338 1869 3338 1819 3373 1772 3400 1578 3369 1563 3369 1559 3369 1536 3369 1439 3377 1415 3369 1330 3330 1326 3330 1322 3330 585 3338 581 3338 546 3353 550 3520"/></Shape>
	    <String CONTENT="venise &amp;c. mais une autre cause de ce que" HPOS="546.0" VPOS="3330.0" WIDTH="3507.0" HEIGHT="260.0"/>
          </TextLine>

          
          
          <TextLine ID="eSc_line_73433c9b" TAGREFS="LT3967" BASELINE="570 3807 2214 3803 2866 3826 4096 3811" HPOS="566.0" VPOS="3598.0" WIDTH="3530.0" HEIGHT="302.0">
            <Shape><Polygon POINTS="570 3807 577 3884 612 3861 663 3884 694 3896 698 3896 702 3900 853 3900 853 3896 857 3896 896 3881 985 3850 1214 3877 1218 3877 1221 3877 1315 3850 1384 3877 1392 3881 1396 3881 1400 3881 1404 3881 1415 3877 1501 3853 1613 3873 1617 3873 1621 3873 1671 3850 1927 3850 1978 3873 2021 3896 2024 3896 2028 3900 2273 3900 2273 3896 2277 3896 2280 3896 2319 3873 2366 3846 2540 3869 2626 3881 2630 3881 2695 3869 2738 3861 2769 3869 2847 3892 2851 3892 2855 3892 3052 3869 3301 3892 3304 3892 3588 3861 3619 3861 3642 3861 3789 3877 3793 3877 3797 3877 3832 3861 3863 3846 4088 3857 4096 3811 4084 3694 3871 3694 3867 3694 3801 3660 3797 3660 3793 3660 3789 3660 3747 3671 3669 3648 3665 3648 3661 3648 3657 3648 3568 3694 3564 3698 3398 3698 3394 3694 3176 3598 3173 3598 2990 3598 2986 3598 2983 3598 2862 3656 2746 3609 2742 3609 2738 3609 2734 3609 2730 3609 2602 3698 2482 3698 2436 3663 2432 3663 2428 3663 2424 3663 2284 3671 2195 3632 2191 3632 2187 3632 2183 3632 2083 3679 1539 3621 1536 3621 1532 3621 1466 3656 1318 3601 1315 3601 962 3601 958 3601 954 3601 752 3694 713 3679 709 3679 705 3679 566 3702 570 3807"/></Shape>
	    <String CONTENT="le public a remarqué sur la moindre" HPOS="566.0" VPOS="3598.0" WIDTH="3530.0" HEIGHT="302.0"/>
          </TextLine>

          
          
          <TextLine ID="eSc_line_80ad3beb" TAGREFS="LT3967" BASELINE="574 4105 2839 4098 4084 4071" HPOS="570.0" VPOS="3877.0" WIDTH="3514.0" HEIGHT="318.0">
            <Shape><Polygon POINTS="574 4105 574 4195 686 4195 686 4191 690 4191 694 4191 787 4136 958 4136 1043 4175 1047 4175 1051 4175 1202 4168 1206 4168 1210 4168 1260 4133 1384 4164 1388 4164 1392 4168 1656 4168 1656 4164 2222 4125 2273 4156 2308 4179 2311 4179 2315 4179 2319 4183 2560 4183 2560 4179 2564 4179 2649 4148 2688 4133 2750 4144 2816 4156 2820 4156 2823 4156 2851 4140 2893 4121 2951 4140 3056 4175 3060 4175 3064 4175 3068 4175 3153 4136 3196 4117 3436 4125 3440 4129 3541 4171 3545 4171 3549 4171 4080 4113 4084 4071 4080 3931 3952 3877 3948 3877 3945 3877 3941 3877 3762 3931 3452 3881 3448 3881 3444 3881 3285 3939 3254 3950 3072 3943 2897 3935 2893 3935 2889 3935 2886 3935 2874 3947 2855 3958 2618 3958 2602 3947 2509 3892 2505 3892 2502 3892 2498 3892 2494 3892 2366 3950 2354 3954 2346 3950 2280 3927 2277 3927 2273 3927 2269 3927 2265 3927 2226 3954 2214 3962 1958 3962 1935 3954 1881 3939 1877 3939 1873 3939 1764 3947 1648 3892 1644 3892 1640 3892 1070 3896 1066 3896 1062 3896 954 3966 950 3970 946 3970 853 3931 849 3931 717 3927 713 3927 709 3927 570 3970 574 4105"/></Shape>
	    <String CONTENT="quantité d'ouvrages (car on sait qu'un" HPOS="570.0" VPOS="3877.0" WIDTH="3514.0" HEIGHT="318.0"/>
          </TextLine>

          
          
          <TextLine ID="eSc_line_a06a56fa" TAGREFS="LT3967" BASELINE="581 4431 3991 4361" HPOS="577.0" VPOS="4191.0" WIDTH="3414.0" HEIGHT="298.0">
            <Shape><Polygon POINTS="581 4431 581 4466 768 4462 787 4466 865 4489 868 4489 872 4489 876 4489 927 4462 942 4454 1167 4454 1183 4458 1245 4478 1249 4478 1252 4478 1636 4447 1656 4447 1660 4447 1757 4470 1761 4470 1764 4470 1768 4470 1772 4470 1807 4447 2125 4458 2129 4458 2133 4458 2137 4458 2172 4435 2183 4427 2191 4435 2218 4451 2222 4451 2226 4451 2230 4451 2234 4451 2273 4431 2292 4423 2304 4431 2346 4451 2350 4451 2354 4451 2474 4427 2494 4423 2505 4427 2614 4462 2618 4462 2622 4462 2761 4443 2823 4458 2827 4458 2831 4458 3087 4412 3118 4408 3145 4412 3417 4447 3421 4447 3572 4443 3576 4443 3580 4443 3638 4404 3751 4396 3766 4396 3817 4423 3820 4423 3824 4423 3987 4389 3991 4361 3979 4191 3704 4195 3700 4195 3689 4199 3580 4257 3246 4214 3173 4206 3169 4206 3165 4206 3161 4206 3145 4218 3068 4272 2924 4253 2920 4253 2804 4280 2684 4245 2680 4245 2676 4245 2672 4245 2668 4245 2622 4280 2548 4280 2439 4241 2389 4226 2385 4226 2381 4226 2377 4226 2374 4226 2342 4245 2257 4295 2090 4295 2013 4268 2009 4268 2005 4268 2001 4268 1997 4268 1955 4295 1609 4295 1508 4276 1423 4261 1419 4261 1330 4280 1268 4295 1245 4284 1198 4261 1194 4261 1190 4261 1187 4261 1093 4288 1078 4295 756 4299 674 4257 671 4257 667 4257 663 4257 577 4299 581 4431"/></Shape>
	    <String CONTENT="même morceau n'est jamais exposé" HPOS="577.0" VPOS="4191.0" WIDTH="3414.0" HEIGHT="298.0"/>
          </TextLine>

          
          
          <TextLine ID="eSc_line_c2b25b62" TAGREFS="LT3967" BASELINE="566 4714 3145 4679 3743 4633 4034 4637" HPOS="562.0" VPOS="4470.0" WIDTH="3472.0" HEIGHT="326.0">
            <Shape><Polygon POINTS="566 4714 566 4745 698 4776 702 4776 814 4761 911 4796 915 4796 919 4796 1369 4749 1431 4788 1435 4788 1439 4788 1443 4792 1508 4792 1508 4788 1512 4788 1679 4745 1749 4780 1753 4780 1757 4780 1761 4780 1858 4741 2017 4765 2021 4765 2024 4765 2071 4741 2362 4757 2366 4757 2482 4749 2486 4749 2544 4718 2831 4730 2835 4730 2959 4703 2971 4703 2975 4703 3103 4761 3107 4761 3111 4761 3258 4737 3386 4757 3390 4757 3526 4753 3529 4753 3638 4691 3646 4687 4030 4683 4034 4637 4030 4544 3952 4544 3817 4474 3813 4474 3809 4474 3805 4474 3681 4516 3479 4528 3382 4470 3378 4470 3374 4470 3370 4470 3196 4474 3192 4474 3188 4474 3048 4559 2909 4559 2823 4513 2820 4513 2816 4513 2812 4513 2630 4563 2249 4567 2121 4509 2117 4509 2114 4509 2110 4509 2106 4509 2005 4575 1943 4575 1896 4575 1671 4501 1668 4501 1664 4501 1497 4528 1252 4505 1249 4505 1090 4509 1086 4509 849 4590 760 4590 694 4544 690 4544 686 4544 682 4544 678 4544 562 4590 566 4714"/></Shape>
	    <String CONTENT="deux fois) ne viendrait-elle pas de" HPOS="562.0" VPOS="4470.0" WIDTH="3472.0" HEIGHT="326.0"/>
          </TextLine>

          
          
          <TextLine ID="eSc_line_132e1b84" TAGREFS="LT3967" BASELINE="574 4997 2498 4989 4026 4924" HPOS="570.0" VPOS="4757.0" WIDTH="3456.0" HEIGHT="314.0">
            <Shape><Polygon POINTS="574 4997 574 5036 760 5036 768 5036 849 5071 853 5071 857 5071 1136 5028 1179 5024 1214 5028 1334 5048 1338 5048 1427 5028 1563 5063 1567 5063 1571 5063 1574 5063 1578 5063 1644 5024 1706 5048 1710 5048 1714 5048 1865 5021 1974 5044 1978 5044 1982 5044 2083 5017 2218 5044 2544 5048 2548 5048 2688 5024 2730 5044 2734 5044 2738 5044 2959 5024 3196 5036 3200 5036 3533 4989 3778 5001 3782 5001 4022 4966 4026 4924 4022 4800 3906 4757 3902 4757 3898 4757 3634 4761 3630 4761 3518 4811 3467 4834 3405 4815 3367 4803 3363 4803 3359 4803 3273 4819 3242 4823 3211 4819 2940 4788 2936 4788 2932 4788 2820 4831 2765 4854 2544 4854 2513 4838 2467 4815 2463 4815 2459 4815 2455 4815 2397 4842 2362 4862 2141 4862 2117 4850 2079 4827 2075 4827 2071 4827 2067 4827 2063 4827 2005 4854 1974 4869 1776 4869 1757 4858 1613 4800 1609 4800 1605 4800 1377 4803 1225 4815 1221 4815 1218 4815 1159 4858 981 4823 977 4823 973 4823 830 4858 682 4846 678 4846 674 4846 570 4889 574 4997"/></Shape>
	    <String CONTENT="ce que l'espace d'un an n'est pas tout" HPOS="570.0" VPOS="4757.0" WIDTH="3456.0" HEIGHT="314.0"/>
          </TextLine>

          
          
          <TextLine ID="eSc_line_c12eb2e9" TAGREFS="LT3967" BASELINE="570 5288 2571 5280 4030 5234" HPOS="566.0" VPOS="5071.0" WIDTH="3464.0" HEIGHT="310.0">
            <Shape><Polygon POINTS="570 5288 570 5358 694 5338 744 5358 799 5381 802 5381 806 5381 810 5381 814 5381 845 5358 880 5331 1140 5307 1221 5346 1276 5373 1280 5373 1283 5373 1555 5369 1559 5369 1563 5369 1609 5338 1629 5327 1823 5331 1986 5335 1989 5335 1993 5335 1997 5335 2005 5327 2028 5311 2137 5319 2141 5323 2218 5362 2222 5362 2226 5362 2230 5362 2331 5323 2521 5342 2525 5342 2529 5342 2591 5311 2614 5300 2641 5311 2723 5338 2727 5338 2730 5338 2897 5323 2951 5350 2955 5350 2959 5354 3134 5354 3134 5350 3138 5350 3277 5292 3301 5284 3324 5292 3409 5327 3413 5327 3417 5327 3421 5327 3498 5288 3510 5280 4030 5273 4030 5234 4018 5137 3836 5137 3832 5137 3766 5094 3762 5094 3758 5094 3592 5071 3588 5071 3584 5071 3448 5121 3339 5094 3336 5094 3332 5094 3328 5094 3324 5094 3242 5145 3087 5083 3083 5083 3079 5083 3076 5083 3014 5098 2971 5079 2967 5079 2963 5079 2959 5079 2777 5152 2773 5156 2214 5160 2211 5160 2048 5098 2044 5098 2040 5098 2036 5098 1908 5152 1803 5094 1799 5094 1691 5094 1687 5094 1524 5114 1338 5102 1334 5102 1330 5102 1326 5102 1295 5125 1214 5102 1210 5102 1206 5102 1202 5102 1035 5176 849 5129 845 5129 841 5129 837 5129 834 5129 764 5176 674 5133 671 5133 667 5133 663 5133 566 5176 570 5288"/></Shape>
	    <String CONTENT="a fait suffisant pour entreprendre" HPOS="566.0" VPOS="5071.0" WIDTH="3464.0" HEIGHT="310.0"/>
          </TextLine>

          
          
          <TextLine ID="eSc_line_972b3108" TAGREFS="LT3967" BASELINE="577 5548 2792 5532 4026 5447" HPOS="574.0" VPOS="5323.0" WIDTH="3452.0" HEIGHT="306.0">
            <Shape><Polygon POINTS="577 5548 577 5594 744 5587 760 5594 806 5625 810 5625 814 5625 818 5629 911 5629 911 5625 1093 5587 1117 5583 1124 5587 1183 5614 1187 5614 1190 5614 1194 5614 1198 5614 1249 5583 1256 5579 1260 5583 1326 5614 1330 5614 1334 5614 1827 5579 2021 5598 2024 5598 2176 5579 2304 5594 2308 5594 2428 5567 2614 5587 2618 5587 3223 5575 3227 5575 3351 5528 3355 5528 3374 5528 3657 5544 3661 5544 3665 5544 3712 5521 3716 5517 4026 5509 4026 5447 4014 5323 3886 5350 3797 5331 3785 5327 3782 5327 3778 5327 3774 5327 3766 5331 3716 5354 3370 5346 3363 5346 3359 5346 3355 5346 3239 5389 2909 5377 2905 5377 2707 5400 2587 5373 2517 5358 2354 5358 2350 5358 2346 5358 2342 5358 2304 5381 2257 5412 2176 5412 2137 5389 2102 5366 2098 5366 2094 5366 1997 5366 1993 5366 1989 5366 1885 5397 1811 5424 1745 5424 1714 5404 1671 5377 1668 5377 1664 5377 1660 5377 1656 5377 1567 5408 1524 5424 1384 5416 1303 5412 1299 5412 1198 5424 1074 5435 930 5431 853 5431 752 5393 748 5393 744 5393 740 5393 737 5393 686 5431 574 5443 577 5548"/></Shape>
	    <String CONTENT="et finir avec soin des ouvrages capables" HPOS="574.0" VPOS="5323.0" WIDTH="3452.0" HEIGHT="306.0"/>
          </TextLine>

          
          
          <TextLine ID="eSc_line_df318833" TAGREFS="LT3967" BASELINE="577 5819 2094 5827 3196 5800 3976 5753" HPOS="574.0" VPOS="5583.0" WIDTH="3402.0" HEIGHT="333.0">
            <Shape><Polygon POINTS="577 5819 577 5846 865 5870 907 5901 911 5901 915 5901 919 5901 1159 5858 1241 5877 1245 5877 1249 5877 1252 5877 1311 5854 1435 5885 1439 5885 1443 5885 1446 5885 1450 5885 1516 5842 1741 5916 1745 5916 1749 5916 1753 5916 1881 5854 1970 5912 1974 5912 1978 5912 1982 5912 2630 5905 2633 5905 2800 5823 2951 5831 3014 5866 3017 5866 3021 5866 3025 5866 3153 5835 3297 5850 3301 5850 3409 5827 3541 5862 3545 5862 3549 5862 3553 5862 3716 5808 3976 5804 3976 5753 3972 5614 3902 5583 3898 5583 3894 5583 3890 5583 3824 5618 3797 5633 3778 5618 3727 5583 3723 5583 3720 5583 3510 5583 3506 5583 3502 5583 3351 5629 3208 5676 3006 5656 3002 5656 2866 5680 2816 5649 2812 5649 2808 5649 2804 5649 2800 5649 2796 5649 2750 5684 2567 5684 2521 5656 2439 5598 2436 5598 2432 5598 2335 5598 2331 5598 2327 5598 2323 5598 2238 5649 2106 5621 2102 5621 2098 5621 2009 5668 1970 5691 1935 5672 1819 5606 1815 5606 1749 5606 1745 5606 1528 5649 1392 5625 1388 5625 1384 5625 1380 5625 1283 5691 1280 5691 1276 5691 1225 5672 1221 5672 1218 5672 1214 5672 1175 5691 1152 5707 938 5707 930 5699 876 5676 872 5676 868 5676 865 5676 814 5703 709 5652 705 5652 702 5652 698 5652 574 5707 577 5819"/></Shape>
	    <String CONTENT="de meriter les suffrages du public et" HPOS="574.0" VPOS="5583.0" WIDTH="3402.0" HEIGHT="333.0"/>
          </TextLine>

          
          
          <TextLine ID="eSc_line_80aaa42a" TAGREFS="LT3967" BASELINE="554 6087 2672 6141 3741 6104" HPOS="547.0" VPOS="5868.0" WIDTH="3190.0" HEIGHT="389.0">
            <Shape><Polygon POINTS="553 6083 547 6217 681 6222 686 6222 692 6222 698 6222 704 6217 785 6153 1059 6153 1490 6211 1693 6234 1699 6234 1705 6234 1798 6205 1932 6164 2008 6193 2014 6193 2019 6193 2107 6176 2142 6199 2171 6228 2177 6228 2182 6228 2188 6228 2194 6228 2247 6205 2444 6246 2450 6246 2456 6246 2462 6246 2514 6205 2561 6246 2567 6246 2573 6246 2578 6246 2584 6246 2590 6246 2654 6205 2800 6228 2805 6228 2811 6228 2817 6228 2846 6199 2980 6252 2986 6252 2992 6252 2997 6252 3143 6199 3387 6257 3393 6257 3399 6257 3527 6188 3533 6188 3731 6188 3737 6100 3731 6001 3207 6001 3201 5996 3137 5937 3137 5932 3131 5932 3126 5932 3120 5932 3114 5932 3108 5932 3009 5990 3003 5996 2898 5996 2887 5990 2788 5897 2788 5891 2782 5891 2776 5891 2613 5891 2607 5891 2602 5891 2596 5891 2596 5897 2491 5984 2491 5990 2485 5984 2363 5926 2357 5926 2351 5926 2345 5926 2340 5926 2340 5932 2287 5984 2281 5984 2229 5984 2078 5972 1967 5879 1961 5879 1955 5879 1810 5879 1804 5879 1798 5879 1792 5879 1728 5937 1624 5879 1618 5879 1455 5873 1449 5873 1443 5873 1437 5873 1327 5949 1245 5949 1164 5903 1158 5903 1152 5903 1146 5903 1065 5926 1007 5873 1007 5868 1001 5868 995 5868 768 5868 762 5868 756 5868 750 5868 611 5967 553 5967 553 6083"/></Shape>
	    <String CONTENT="soutenir la gloire de l'academie." HPOS="547.0" VPOS="5868.0" WIDTH="3190.0" HEIGHT="389.0"/>
          </TextLine>

          
        </TextBlock>
        
        <TextBlock HPOS="628.0" VPOS="35.0" WIDTH="559.0" HEIGHT="341.0" ID="eSc_textblock_db032e55" TAGREFS="BT10153">
          <Shape><Polygon POINTS="628 143 644 376 1171 353 1187 35"/></Shape>
          
        </TextBlock>
        

        
      </PrintSpace>
    </Page>
  </Layout>
</alto>
