4267 6962
3198.0 174.0 349.0 249.0 147

344.0 382.0 3493.0 325.0 catalogue abregé des ouvrages de

344.0 669.0 3230.0 263.0 messieurs les peintres, sculpteurs et

332.0 905.0 3408.0 309.0 graveurs de l'academie aujourd'hui vivans,

332.0 1195.0 1292.0 267.0 exposés au salon.

324.0 1365.0 3354.0 298.0 de messieurs carle vanloo professeur.

321.0 1639.0 1578.0 271.0 l'adoration des rois.

328.0 1821.0 3358.0 306.0 2. la defaite de Porus, grand tableau

332.0 2111.0 3273.0 259.0 ceintré pour le roi d'espagne. c'est une

328.0 2374.0 3478.0 283.0 autre composition plus noble et plus hardie

332.0 2668.0 3211.0 263.0 que celle qui parut l'année derniere.

340.0 2947.0 3246.0 247.0 3. St. Sebastien lié et percé de fleches,

344.0 3183.0 3416.0 286.0 un ange parait dans l'action de les lui

352.0 3450.0 3458.0 309.0 tirer ; ces figures de grandeur naturelle.

328.0 3774.0 3339.0 271.0 ce morceau a recu de grandes louanges

324.0 4030.0 3501.0 282.0 du public ainsi que les deux autres du

328.0 4355.0 3583.0 243.0 même auteur, dont nul amateurs des beaux

332.0 4618.0 2004.0 267.0 arts n'ignore les talens.

344.0 4842.0 3443.0 282.0 boucher professeur. 1. Psiché conduite

348.0 5155.0 3338.0 294.0 par Zephire dans le palais de l'amour,

352.0 5461.0 3342.0 267.0 pour etre mis en tapisserie. 2. l'aurore

359.0 5701.0 3258.0 348.0 et cephale. 3. paysage ou il y a un

324.0 6022.0 3598.0 348.0 moulin et un torrent d'eau, morceau
