4267 6969
3221.0 104.0 364.0 368.0 145

290.0 398.0 3558.0 283.0 et peut-etre trop l'année passée en

282.0 662.0 3272.0 298.0 rendant compte du dernier salon et des

278.0 929.0 3532.0 294.0 ouvrages exposés. nous terminames l'article

274.0 1176.0 1437.0 264.0 par les reflexions.

282.0 1366.0 3272.0 353.0 l'academie veut bien de tems en tems &c.

286.0 1691.0 2943.0 299.0 voiés cette année page   du

274.0 1939.0 1809.0 271.0 volume du supplement.

294.0 2179.0 3458.0 314.0 on lit ce qui suit a la tête du petit livre

305.0 2443.0 3450.0 371.0 dont on vient de parler. le succés qu'a

286.0 2717.0 3369.0 399.0 eu la derniere exposition, voiés le premier

271.0 3004.0 2629.0 383.0 volume de mon ouvrage page 93.

290.0 3333.0 2583.0 283.0 ce grand prince &c. page 93.

282.0 3577.0 3326.0 298.0 nous ajouterons que le public n'a pas

290.0 3871.0 3605.0 260.0 trouvé cette magnifique decoration aussi

278.0 4127.0 3663.0 294.0 abondante que les années dernieres, ce

278.0 4433.0 3508.0 271.0 qu'on doit attribuer aux principaux

286.0 4669.0 3512.0 282.0 chefs de l'academie qui couronnés tant

290.0 4959.0 3299.0 325.0 de fois et contens de la gloire dont ils

290.0 5273.0 3392.0 306.0 jouissent, se reposent sur leurs lauriers

286.0 5551.0 3074.0 357.0 et a l'absence de divers artistes tels

282.0 5888.0 3075.0 353.0 que messieurs de troy directeur de
