4267 7078
287.0 397.0 3327.0 357.0 exposition des tableaux, sculptures,

294.0 723.0 3213.0 275.0 gravures, dessins et autres ouvrages

291.0 986.0 3452.0 295.0 de l'academie royale de Peinture et sculpture

291.0 1238.0 3413.0 279.0 etablie a paris sous la protection du roi

306.0 1486.0 3378.0 244.0 6. 7bre 1739. Mercure de france.

306.0 1722.0 3406.0 295.0 cette exposition qui a commencé le 6. 7bre a

291.0 1958.0 3315.0 267.0 duré jusques et compris le 30. du même mois

287.0 2237.0 3480.0 271.0 dans le grand salon du louvre. elle a été or-

287.0 2500.0 3268.0 295.0 donnée selon l'intention du roi par m. orry

287.0 2780.0 3040.0 291.0 ministre d'etat, controlleur general des

291.0 3047.0 3547.0 287.0 finances, directeur general des batimens, jardins,

294.0 3326.0 3442.0 323.0 arts, manufactures du roi et sire protecteur

298.0 3527.0 1090.0 287.0 de l'academie.

326.0 3755.0 3575.0 314.0 on a deja parlé plusieurs fois et assés au

287.0 4069.0 3287.0 283.0 long du plaisir que font ces expositions

302.0 4321.0 3331.0 295.0 et de leur utilité par l'emulation qu'elles

318.0 4604.0 3654.0 283.0 excitent. on sera aujourd'hui tres sommaire

322.0 4879.0 3197.0 295.0 et quoiqu'on ait recueilli avec beaucoup

291.0 5135.0 3216.0 318.0 de soin et plus encore d'impartialité les

310.0 5422.0 3477.0 322.0 sentimens du public dont on n'est ici que

302.0 5666.0 3351.0 358.0 l'echo, on ne fera aucune remarque sur les

287.0 5976.0 3515.0 386.0 ouvrages que le plus grand nombre n'a

2797.0 165.0 460.0 259.0 1209

3428 165 372 277 143
