4267 6965
627.0 112.0 433.0 325.0 144

638.0 421.0 3334.0 318.0 pas honnoré de ses suffrages. au reste la

569.0 665.0 3299.0 333.0 gloire de l'academie a eté celebrée par

580.0 951.0 3334.0 318.0 les connoisseurs du meilleur gout tant

588.0 1288.0 3369.0 290.0 francois qu'etrangers et l'on est unanime

565.0 1551.0 3411.0 325.0 ment convenu que notre ecole merite de plus

561.0 1837.0 3252.0 372.0 en plus la preference qu'on lui accorde

573.0 2135.0 2919.0 360.0 depuis longtems sur toutes les autres.

584.0 2410.0 3439.0 372.0 dans les tableaux dont on va parler, on

561.0 2724.0 3098.0 359.0 n'a pretendu, dans l'arrangement des

561.0 2994.0 3481.0 387.0 articles donner aucun rang ni preference

576.0 3289.0 3431.0 367.0 entre les auteurs et comme il y a un petit

576.0 3602.0 3423.0 387.0 livre imprimé contenant la description

604.0 3884.0 3380.0 360.0 et les dimensions de chaque morceau au

588.0 4182.0 3229.0 314.0 quel on peut avoir recours, nous avons

580.0 4473.0 3276.0 313.0 cru cette année pouvoir nous dispenser

573.0 4701.0 3206.0 333.0 de les mettre a tous. des personnes tres

588.0 4999.0 3315.0 309.0 intelligentes et veritablement amis des

545.0 5328.0 3342.0 302.0 beaux arts nous ont conseillé de passer

561.0 5599.0 3376.0 371.0 par dessus quelques articles pour abreger.

545.0 5889.0 3419.0 364.0 aussi bien nous nous sommes assés etendus
