1152 1449
217 126 125 58 p. 153.

237 191 89 57 n. 5.

315 240 430 66 Mon Reverend Pere

201 335 303 64 Lett. de D. Le Seur.

609 344 72 44 P. C.

74 683 972 69 Permettez-moy de vous dire, que vous n'employez pas un

75 726 928 87 moyen bien efficace pour m'engager à vous ſervir. que

82 763 955 99 de me dire des Injures : or c'en est une Fort grande de

82 804 979 111 me croire importuné par ce que vous me faites l'honneur

85 864 908 110 de me demander, quand ce ne seroit que pour vous

89 919 937 111 Mon Reverend Pere, Je m'en croirois honoré ; mais

90 969 978 126 quand vous agiſsez au nom de S. A. E. Jugez vous meme

91 1027 981 115 ce que J'y ajoute. Je vous envoye l'histoire du Bajanisme ;

102 1089 965 117 que vous pourrez garder tant qu'elle vous sera neceſsaire,

103 1153 924 106 et Je vous prie de me marquer tres hardiment ce qui

114 1209 880 109 pourra vous faire plaisir, à quoy Je me porteray

981 85 24 26 1
