977 1271
202 81 455 46 a Paris le vendredi 11. mars

108 317 760 62 Il y'a peut estre deux mois, mon reverend

94 362 795 62 Pere, que je n'ay diné hors de chez moy, il faut

95 418 792 59 précisement qu'une affaire, qui n'est pas pour

91 464 751 56 moy, m'ait obligé de m'engager a aller a

87 499 781 68 L'audiance de m.^r de Breteüil et a diner

93 546 792 67 dans ce quartier là, j'en suis au desespoir, je

101 595 789 59 vous aurois proposé une goute de vin du

96 640 772 56 Rhin, pour faire connoissance avec Le R.

103 682 784 62 P. Celerier de s^t. denis, dont Le départ pour

96 733 764 57 demain ne permet pas de prendre un

98 779 768 54 autre jour, mais j'irez seurement tantost

99 821 770 56 vous chercher a Labbaye sur Les Cinq

101 862 770 59 heures, je serez Libre alors, mais je vous

98 912 780 55 suplie que cela ne vous gesne en rien, nous

101 952 774 55 verrons a nous ajuster pour nous joindre

98 988 771 53 avec Le Pere sacy, vous scavez Combien je

98 1022 795 59 L'aime, et vous ne devez pas douter du sincere

98 1054 791 55 attachement avec Lequel je suis mon Reverend

98 1084 792 59 Pere vostre tres humble et tres obeissant serviteur

481 1122 291 63 Balincourt

801 97 36 33 6
