1153 1451
181 268 849 60 Je suis infiniment sensible Mon tres Reverend

187 321 874 58 Pere a touts les sentiments d'amitié, dont se trouve

193 377 857 59 asaisonnée la part de vous prenez a l'abbaÿe a la

195 431 855 59 quelle il a plû au Roy de me nommer. Je voudrois bien

197 485 851 59 qu'elle me procurast quelqu'occaſion de vous faire

192 541 867 53 plaisir, et de vous donner des marques du dévouement

191 590 845 57 tendre avec lequel je m'intereſſe a tout ce qui vous

195 639 861 62 regarde. Aureste l'abbaÿe eſt tres jolie, sitüée dans

196 698 858 53 un beau paÿs, et sera par ce qui me revient d'un

197 752 863 50 revenu honneste pour moy, qui n'ay plus rien a deſirer,

202 802 851 56 ni du côté des honneurs, ni de celuy de la fortune ;

203 860 854 49 auſſy je me trouve extremement content et comblé,

200 914 832 50 et je ne perdray jamais un moment de veüe tout

200 969 841 47 ce que je dois dans mon bonheur aux bontés et a la

198 1021 396 48 bienveillance de S. A. E.

224 1078 782 52 J'ay l'honneur d'estre plus que je ne puis vous

189 1131 854 45 l'exprimer, Mon tres Reverend Pere vostre tres humble

192 1183 644 45 et tres obeiſſant serviteur L. Baudoüin

192 1257 854 52 J'ay esté fort affligé et fort inquet, de ce que j'ay appris

187 1302 845 53 icy de l'estat de M. l'abbé de Ravannes, mais par ce qui

296 74 540 63 A Paris le 29. 9.^bre 1739.

974 74 48 56 19
