<?xml version="1.0" encoding="UTF-8"?>
<alto xmlns:xsi="http://www.w3.org/2001/XMLSchema-instance"
      xmlns="http://www.loc.gov/standards/alto/ns-v4#"
      xsi:schemaLocation="http://www.loc.gov/standards/alto/ns-v4# http://www.loc.gov/standards/alto/v4/alto-4-2.xsd">
  <Description>
    <MeasurementUnit>pixel</MeasurementUnit>
    <sourceImageInformation>
      <fileName>Français 19670_f33.jpg</fileName>
      
    </sourceImageInformation>
  </Description>
  
  <Tags>
    <OtherTag ID="BT6079" LABEL="DamageZone" DESCRIPTION="block type DamageZone"/><OtherTag ID="BT6092" LABEL="TitlePageZone" DESCRIPTION="block type TitlePageZone"/><OtherTag ID="BT6091" LABEL="TableZone" DESCRIPTION="block type TableZone"/><OtherTag ID="BT6090" LABEL="StampZone" DESCRIPTION="block type StampZone"/><OtherTag ID="BT6089" LABEL="SealZone" DESCRIPTION="block type SealZone"/><OtherTag ID="BT6088" LABEL="RunningTitleZone" DESCRIPTION="block type RunningTitleZone"/><OtherTag ID="BT6087" LABEL="QuireMarksZone" DESCRIPTION="block type QuireMarksZone"/><OtherTag ID="BT6086" LABEL="NumberingZone" DESCRIPTION="block type NumberingZone"/><OtherTag ID="BT6085" LABEL="MusicZone" DESCRIPTION="block type MusicZone"/><OtherTag ID="BT6084" LABEL="MarginTextZone" DESCRIPTION="block type MarginTextZone"/><OtherTag ID="BT6083" LABEL="MainZone" DESCRIPTION="block type MainZone"/><OtherTag ID="BT6082" LABEL="DropCapitalZone" DESCRIPTION="block type DropCapitalZone"/><OtherTag ID="BT6081" LABEL="DigitizationArtefactZone" DESCRIPTION="block type DigitizationArtefactZone"/><OtherTag ID="BT6080" LABEL="DecorationZone" DESCRIPTION="block type DecorationZone"/>
    <OtherTag ID="LT2084" LABEL="DefaultLine" DESCRIPTION="line type DefaultLine"/><OtherTag ID="LT2085" LABEL="DropCapitalLine" DESCRIPTION="line type DropCapitalLine"/><OtherTag ID="LT2086" LABEL="HeadingLine" DESCRIPTION="line type HeadingLine"/><OtherTag ID="LT2087" LABEL="InterlinearLine" DESCRIPTION="line type InterlinearLine"/>
  </Tags>
  
  <Layout>
    <Page WIDTH="1217"
          HEIGHT="1597"
          PHYSICAL_IMG_NR="2"
          ID="eSc_dummypage_">
      <PrintSpace HPOS="0"
                  VPOS="0"
                  WIDTH="1217"
                  HEIGHT="1597">
        
        <TextBlock HPOS="216"
                   VPOS="276"
                   WIDTH="890"
                   HEIGHT="1217"
                   ID="eSc_textblock_9a42a171"
                   TAGREFS="BT6083">
          <Shape><Polygon POINTS="1053 280 1074 298 1078 481 1106 570 1064 613 1082 698 1057 740 1096 777 1103 805 1067 992 1085 1068 1089 1280 1106 1322 1064 1372 674 1376 638 1454 602 1379 543 1390 613 1422 529 1425 513 1493 482 1482 474 1443 312 1461 304 1418 230 1404 216 1386 237 294 626 276"/></Shape>
          
          
          <TextLine ID="eSc_line_620dc580"
                    TAGREFS="LT2084"
                    BASELINE="245 315 1065 312" 
                    HPOS="244"
                    VPOS="278"
                    WIDTH="821"
                    HEIGHT="56">
            <Shape><Polygon POINTS="1058 285 1045 281 1044 281 1043 281 1024 288 1020 289 1014 288 972 279 964 279 955 279 946 279 937 278 928 278 919 278 910 278 901 278 892 278 884 278 877 278 876 278 845 288 837 291 831 288 814 280 813 280 812 280 788 288 782 290 778 288 750 279 749 279 603 280 602 280 584 289 581 291 557 292 415 292 398 289 388 286 387 287 378 287 369 288 360 288 351 288 345 288 344 289 331 292 292 291 289 291 280 291 271 292 262 292 253 293 244 293 245 315 245 334 293 332 294 332 313 322 525 322 561 330 562 330 597 324 609 331 609 332 610 332 611 332 612 332 671 331 684 330 685 330 709 323 790 330 806 331 807 331 808 331 812 330 829 323 855 326 856 326 903 321 933 329 934 329 935 329 936 329 967 321 989 321 1007 329 1011 330 1012 330 1013 330 1064 328 1065 312 1064 291 1061 288"/></Shape>
	    <String CONTENT="Je reçois dans ce moment L&#x27;Épître vôtre, Tres cher Pere, Et J&#x27;y"
                    HPOS="244"
                    VPOS="278"
                    WIDTH="821"
                    HEIGHT="56"></String>
          </TextLine>

          
          
          <TextLine ID="eSc_line_b718325c"
                    TAGREFS="LT2084"
                    BASELINE="244 361 385 358 1064 359" 
                    HPOS="243"
                    VPOS="330"
                    WIDTH="821"
                    HEIGHT="45">
            <Shape><Polygon POINTS="244 361 243 371 288 375 289 375 316 371 337 369 346 371 357 375 358 375 359 375 360 375 371 371 379 368 387 371 391 372 392 372 393 372 429 370 495 368 509 370 525 373 526 373 543 370 556 368 565 370 578 374 579 374 580 374 613 370 731 375 732 375 733 375 750 369 755 368 758 369 764 373 765 373 766 373 943 375 944 375 1063 367 1064 359 1063 342 1021 332 1020 332 1019 332 1002 342 1000 343 966 343 965 342 939 330 938 330 937 330 872 342 869 343 824 343 821 342 774 332 773 332 772 332 746 342 745 342 736 342 640 338 640 338 583 342 579 342 578 342 547 330 546 330 545 330 506 338 495 330 494 330 493 330 370 330 369 330 368 330 367 330 358 337 319 330 318 330 317 330 285 342 285 343 244 343 244 361"/></Shape>
	    <String CONTENT="réponds a L&#x27;instant. Je commence par vos commiſſions. vous"
                    HPOS="243"
                    VPOS="330"
                    WIDTH="821"
                    HEIGHT="45"></String>
          </TextLine>

          
          
          <TextLine ID="eSc_line_b202c599"
                    TAGREFS="LT2084"
                    BASELINE="244 397 1034 393" 
                    HPOS="243"
                    VPOS="369"
                    WIDTH="791"
                    HEIGHT="47">
            <Shape><Polygon POINTS="244 397 244 416 269 406 300 410 300 410 301 410 302 410 309 406 368 406 385 414 387 415 388 415 389 416 434 416 434 415 434 415 440 413 458 405 510 412 522 413 637 414 638 414 763 413 764 413 780 408 791 404 801 408 816 412 817 412 818 412 845 407 861 403 900 403 903 406 908 409 909 409 910 409 911 409 956 405 966 404 970 405 1003 412 1003 412 1004 412 1005 412 1017 404 1018 404 1033 404 1034 393 1032 369 947 369 946 369 936 369 880 377 806 376 800 372 797 369 796 369 795 369 794 369 793 369 787 372 772 378 656 374 641 374 640 374 640 374 637 375 616 380 513 380 505 377 488 370 487 370 441 370 440 370 439 370 422 376 395 371 394 371 393 371 382 377 276 375 276 375 243 380 244 397"/></Shape>
	    <String CONTENT="Les trouverez faites en arrivant. Comme vous ne me dites"
                    HPOS="243"
                    VPOS="369"
                    WIDTH="791"
                    HEIGHT="47"></String>
          </TextLine>

          
          
          <TextLine ID="eSc_line_ed03e1a3"
                    TAGREFS="LT2084"
                    BASELINE="245 438 1069 430" 
                    HPOS="244"
                    VPOS="405"
                    WIDTH="825"
                    HEIGHT="48">
            <Shape><Polygon POINTS="245 438 245 452 276 445 373 445 387 451 388 451 389 451 390 451 414 444 523 443 539 451 543 453 544 453 545 453 545 453 553 451 574 445 595 451 602 453 603 453 604 453 605 453 613 451 624 448 643 451 656 452 657 452 658 452 663 450 687 443 781 448 782 448 782 448 798 441 810 447 811 447 812 447 881 443 923 449 924 449 925 449 926 449 945 443 974 448 975 448 976 448 997 443 1011 448 1011 448 1012 449 1068 449 1069 430 1066 413 977 413 976 413 964 405 963 405 962 405 933 405 932 405 932 405 931 405 917 414 914 414 879 414 877 414 849 406 848 406 796 406 795 406 711 415 701 416 692 415 637 409 636 409 635 409 611 416 607 416 604 416 591 409 590 409 589 409 588 409 571 416 568 416 566 416 550 411 549 411 548 411 500 416 490 409 489 409 489 409 450 409 449 409 448 409 430 416 426 418 375 417 374 417 356 410 355 410 355 410 354 410 336 417 331 419 325 417 307 411 306 411 305 411 244 417 245 438"/></Shape>
	    <String CONTENT="point de vous Les Envoyer, et que votre retour est, Dieu mercy"
                    HPOS="244"
                    VPOS="405"
                    WIDTH="825"
                    HEIGHT="48"></String>
          </TextLine>

          
          
          <TextLine ID="eSc_line_9af2c1be"
                    TAGREFS="LT2084"
                    BASELINE="246 474 677 476 1065 471" 
                    HPOS="245"
                    VPOS="444"
                    WIDTH="820"
                    HEIGHT="53">
            <Shape><Polygon POINTS="246 474 247 497 268 487 286 495 287 495 288 495 289 495 300 490 371 490 391 495 400 496 401 497 466 497 466 496 467 496 475 493 495 484 516 484 531 490 532 490 533 490 588 484 601 490 605 492 606 492 607 492 608 492 614 490 626 487 634 490 648 495 648 495 649 496 695 496 695 495 696 495 697 495 706 488 707 488 751 483 782 483 789 487 801 495 802 495 803 495 804 495 847 495 847 495 848 495 849 495 863 486 880 489 881 489 882 489 883 489 889 485 893 483 940 483 946 484 984 493 985 493 986 493 987 493 1001 484 1064 481 1065 471 1064 455 1043 448 1042 448 1041 448 1040 448 1031 452 1018 444 1017 444 1016 444 1015 444 956 450 933 444 932 444 932 444 891 445 890 445 870 455 870 456 827 456 801 456 783 447 782 447 782 447 781 447 756 456 713 456 652 456 651 456 633 446 632 446 580 446 579 446 578 446 548 456 548 456 545 456 523 456 497 446 496 446 495 446 494 446 464 455 434 449 434 449 433 449 417 456 416 457 367 457 366 456 358 451 357 451 356 451 303 447 302 447 245 456 246 474"/></Shape>
	    <String CONTENT="prochain, quoy qu&#x27;il ne Le ſoit pas autant que Je Le voudrois,"
                    HPOS="245"
                    VPOS="444"
                    WIDTH="820"
                    HEIGHT="53"></String>
          </TextLine>

          
          
          <TextLine ID="eSc_line_8a4f7dba"
                    TAGREFS="LT2084"
                    BASELINE="243 519 1064 514" 
                    HPOS="242"
                    VPOS="487"
                    WIDTH="822"
                    HEIGHT="48">
            <Shape><Polygon POINTS="243 519 243 533 288 527 305 533 309 534 310 534 311 534 332 533 369 529 398 532 441 535 442 535 478 530 507 527 520 530 537 534 537 534 538 535 587 535 587 534 624 528 637 527 648 528 671 531 671 531 672 531 686 527 695 525 703 527 714 531 715 531 716 531 758 527 773 525 778 526 799 533 800 533 801 534 854 534 854 533 855 533 882 526 903 529 904 529 905 529 916 524 917 524 929 527 930 527 931 527 1010 523 1022 528 1023 528 1024 528 1064 521 1064 514 1061 496 1017 496 1015 495 995 487 994 487 993 487 992 487 972 495 948 487 948 487 947 487 831 495 788 499 652 499 645 495 638 490 637 490 636 490 635 490 616 494 609 489 608 489 608 489 557 489 556 489 555 489 554 489 547 495 538 500 514 500 469 494 464 494 463 494 462 494 460 494 441 501 399 501 382 494 374 491 373 491 372 491 359 494 328 501 306 494 299 491 298 491 297 491 242 493 243 519"/></Shape>
	    <String CONTENT="J&#x27;ai conclud qu&#x27;il vous Suffiroit de trouver icy Les choses dont"
                    HPOS="242"
                    VPOS="487"
                    WIDTH="822"
                    HEIGHT="48"></String>
          </TextLine>

          
          
          <TextLine ID="eSc_line_d8056d4a"
                    TAGREFS="LT2084"
                    BASELINE="244 558 1100 556" 
                    HPOS="244"
                    VPOS="527"
                    WIDTH="856"
                    HEIGHT="49">
            <Shape><Polygon POINTS="1096 546 1093 537 1025 536 1003 527 1002 527 1001 527 1000 527 967 537 839 533 838 533 837 533 827 537 785 528 724 528 723 528 679 538 592 534 592 534 560 538 530 528 529 528 529 528 492 529 491 529 474 539 452 538 439 529 438 529 437 529 436 529 435 529 417 535 403 529 402 529 355 529 354 529 353 529 315 539 252 535 251 535 250 535 249 535 244 538 244 558 245 575 268 568 311 568 339 574 344 575 345 576 375 576 375 575 376 575 379 574 388 568 395 573 396 573 397 573 398 573 451 568 501 573 528 575 529 575 545 573 572 567 606 572 626 574 627 574 652 572 664 570 669 571 677 574 678 574 679 574 814 574 815 574 823 570 829 566 844 569 856 572 857 572 870 569 885 566 889 569 896 574 897 574 898 574 899 574 939 568 950 567 954 568 966 574 967 574 968 574 1013 567 1027 566 1098 566 1100 556 1098 550 1096 546"/></Shape>
	    <String CONTENT="vous avéz besoin. Puisque vous avez le plaisir de voir Souvent"
                    HPOS="244"
                    VPOS="527"
                    WIDTH="856"
                    HEIGHT="49"></String>
          </TextLine>

          
          
          <TextLine ID="eSc_line_686ccc5c"
                    TAGREFS="LT2084"
                    BASELINE="246 596 1006 598" 
                    HPOS="245"
                    VPOS="568"
                    WIDTH="761"
                    HEIGHT="45">
            <Shape><Polygon POINTS="246 596 245 604 256 611 257 611 258 611 259 611 260 611 278 605 419 605 434 611 435 611 436 611 506 606 526 612 527 612 528 613 568 613 568 612 569 612 587 605 607 612 608 612 608 613 655 613 655 612 655 612 656 612 664 606 719 612 720 612 721 612 742 605 757 612 758 612 798 613 799 613 1005 605 1006 598 1005 577 986 574 985 574 971 576 960 579 955 576 946 573 945 573 944 573 943 573 932 576 929 577 919 576 885 574 885 574 884 574 878 576 872 580 823 580 819 576 810 570 809 570 808 570 784 570 783 570 782 570 782 570 773 576 768 580 753 580 725 576 659 569 658 569 657 569 641 576 638 578 608 578 600 576 581 569 580 569 579 569 521 574 500 568 499 568 498 568 497 568 478 575 473 578 417 578 413 575 402 568 401 568 400 568 378 568 377 568 376 568 375 568 365 574 343 568 342 568 284 568 283 568 282 568 281 568 271 575 260 571 259 571 258 571 257 571 246 574 246 596"/></Shape>
	    <String CONTENT="M^r De Corberon, et de Jouir de Son aimable conversation,"
                    HPOS="245"
                    VPOS="568"
                    WIDTH="761"
                    HEIGHT="45"></String>
          </TextLine>

          
          
          <TextLine ID="eSc_line_e37976c2"
                    TAGREFS="LT2084"
                    BASELINE="246 634 560 638 1034 637" 
                    HPOS="246"
                    VPOS="610"
                    WIDTH="788"
                    HEIGHT="50">
            <Shape><Polygon POINTS="246 634 246 648 330 647 332 648 352 658 353 658 354 659 373 659 373 658 374 658 394 649 449 655 450 655 487 648 489 648 489 648 513 659 514 659 515 660 585 660 585 659 586 659 614 652 631 654 632 654 632 654 644 648 645 648 661 648 662 648 677 659 678 659 679 659 679 660 730 660 730 659 731 659 750 651 782 653 783 653 784 653 797 649 848 659 849 659 850 659 851 659 864 650 883 653 884 653 908 648 925 654 926 654 927 654 956 648 997 655 998 655 1033 647 1034 637 1030 611 1000 620 984 611 983 611 982 611 981 611 977 611 922 621 798 621 764 613 747 611 746 611 730 614 722 615 706 614 664 611 663 611 663 611 653 615 642 619 608 615 580 613 579 613 547 616 513 620 491 617 474 614 474 614 473 614 467 617 463 619 459 617 443 610 442 610 442 610 387 618 385 618 384 618 360 610 359 610 310 610 309 610 308 610 295 616 274 610 273 610 272 610 271 610 246 619 246 634"/></Shape>
	    <String CONTENT="n&#x27;oubliez pas, Je vous prie, de luy faire un peu ma Cour,"
                    HPOS="246"
                    VPOS="610"
                    WIDTH="788"
                    HEIGHT="50"></String>
          </TextLine>

          
          
          <TextLine ID="eSc_line_5df337cd"
                    TAGREFS="LT2084"
                    BASELINE="244 678 1071 678" 
                    HPOS="244"
                    VPOS="652"
                    WIDTH="827"
                    HEIGHT="45">
            <Shape><Polygon POINTS="244 678 244 692 312 690 320 692 328 696 329 696 330 697 379 697 379 696 380 696 391 692 401 690 440 690 458 692 480 696 481 697 481 696 504 692 520 690 534 692 553 696 554 697 600 697 600 696 600 696 612 692 617 691 632 692 669 696 670 696 702 692 719 690 727 692 734 694 734 694 950 696 951 696 972 692 977 691 986 692 1030 696 1031 696 1032 696 1033 696 1041 692 1043 691 1069 691 1071 678 1070 663 1013 663 998 652 997 652 996 652 979 652 978 652 977 652 956 662 905 652 862 652 861 652 861 652 860 652 845 663 821 663 790 652 790 652 745 652 744 652 743 652 719 663 648 663 633 657 632 657 632 657 575 662 561 656 561 656 560 656 559 656 558 656 548 662 459 662 387 652 387 652 365 657 355 652 355 652 291 652 290 652 289 652 265 663 244 663 244 678"/></Shape>
	    <String CONTENT="en L&#x27;aſſurant de ma respectueuse Estime. Je donne demain"
                    HPOS="244"
                    VPOS="652"
                    WIDTH="827"
                    HEIGHT="45"></String>
          </TextLine>

          
          
          <TextLine ID="eSc_line_4a43e11e"
                    TAGREFS="LT2084"
                    BASELINE="246 721 575 725 1025 721" 
                    HPOS="245"
                    VPOS="692"
                    WIDTH="780"
                    HEIGHT="48">
            <Shape><Polygon POINTS="246 721 246 731 344 731 347 731 374 739 375 739 376 739 377 739 398 731 399 731 505 731 505 731 535 739 536 739 537 740 610 740 610 739 611 739 630 731 651 739 652 739 653 740 756 740 756 739 811 733 856 739 857 739 858 739 883 731 926 739 927 739 928 739 942 731 1024 730 1025 721 1023 704 966 703 945 692 944 692 829 692 828 692 827 692 805 702 798 706 755 706 612 700 592 700 592 700 589 700 572 704 553 700 539 698 538 698 537 698 528 700 506 706 455 704 439 700 409 692 347 692 347 692 346 692 329 699 324 700 319 699 301 692 300 692 300 692 245 698 246 721"/></Shape>
	    <String CONTENT="a disner dans mon hermitage a un petit Cercle d&#x27;amis"
                    HPOS="245"
                    VPOS="692"
                    WIDTH="780"
                    HEIGHT="48"></String>
          </TextLine>

          
          
          <TextLine ID="eSc_line_b9dfe696"
                    TAGREFS="LT2084"
                    BASELINE="239 763 1031 761" 
                    HPOS="238"
                    VPOS="731"
                    WIDTH="793"
                    HEIGHT="51">
            <Shape><Polygon POINTS="239 763 239 771 326 771 331 771 402 781 403 782 503 782 503 781 504 781 522 773 592 781 592 781 593 781 611 771 632 777 633 777 634 777 719 771 768 780 769 780 803 772 830 780 831 780 832 780 833 780 834 780 846 772 872 771 986 780 987 780 1030 770 1031 761 1028 731 985 732 984 732 959 743 927 733 926 733 925 733 924 733 892 744 867 744 851 734 848 732 847 732 846 732 801 732 800 732 799 732 790 735 764 743 746 736 743 735 742 735 742 735 741 735 737 736 726 739 715 736 705 733 704 733 703 733 663 737 655 738 652 738 635 732 634 732 633 732 614 733 613 733 612 733 604 739 594 744 557 739 556 739 555 739 544 744 529 739 514 735 513 735 513 735 487 740 469 744 456 740 447 739 446 739 445 739 349 742 309 744 308 743 291 735 290 735 289 735 238 744 239 763"/></Shape>
	    <String CONTENT="ou vous manquez bien. M^r Baudoüin, Les deux Künpffer,"
                    HPOS="238"
                    VPOS="731"
                    WIDTH="793"
                    HEIGHT="51"></String>
          </TextLine>

          
          
          <TextLine ID="eSc_line_b0baf7e3"
                    TAGREFS="LT2084"
                    BASELINE="238 804 1096 806" 
                    HPOS="238"
                    VPOS="774"
                    WIDTH="858"
                    HEIGHT="52">
            <Shape><Polygon POINTS="1093 778 1075 776 1074 776 1074 776 1068 778 1053 786 985 786 972 778 968 776 967 776 966 776 965 776 964 776 960 778 953 782 944 778 936 775 935 775 934 775 916 778 899 781 868 778 837 775 836 775 835 775 827 778 813 784 798 778 793 777 792 777 791 777 779 778 750 782 742 778 738 775 737 775 736 775 710 775 709 775 708 775 696 778 668 786 537 786 500 778 499 778 471 786 403 786 382 778 369 774 368 774 367 774 238 778 238 804 238 819 314 816 324 819 327 821 328 821 329 822 367 822 367 821 382 819 419 816 439 819 442 820 443 820 448 819 466 816 483 819 505 825 505 826 573 826 573 825 608 819 625 818 639 819 671 826 671 826 704 826 704 826 705 826 717 819 723 817 745 819 763 822 764 822 790 819 796 819 798 819 821 826 822 826 823 826 860 826 860 826 861 826 880 819 891 817 904 819 920 823 921 823 939 819 946 818 948 819 959 826 960 826 961 826 987 826 987 826 987 826 1002 819 1005 818 1011 819 1027 824 1028 824 1029 824 1030 824 1042 819 1045 818 1052 819 1077 825 1078 825 1079 825 1095 819 1096 806 1095 781 1093 778"/></Shape>
	    <String CONTENT="L&#x27;ab. folio, et nostre amy Le Vavasseur. J&#x27;ai fait La découverte"
                    HPOS="238"
                    VPOS="774"
                    WIDTH="858"
                    HEIGHT="52"></String>
          </TextLine>

          
          
          <TextLine ID="eSc_line_8adbb395"
                    TAGREFS="LT2084"
                    BASELINE="241 848 1038 846" 
                    HPOS="240"
                    VPOS="818"
                    WIDTH="798"
                    HEIGHT="46">
            <Shape><Polygon POINTS="241 848 241 857 271 863 272 863 273 863 283 857 291 857 362 857 377 857 511 864 512 864 575 857 578 857 581 857 622 864 623 864 624 864 636 859 685 863 686 863 709 857 713 857 725 857 783 863 784 863 1037 857 1038 846 1037 828 1012 818 1011 818 1011 818 964 825 950 818 949 818 948 818 920 823 881 818 880 818 879 818 858 828 856 830 731 830 730 829 707 820 706 820 705 820 704 820 682 828 655 818 654 818 653 818 652 818 651 818 640 826 572 819 571 819 570 819 551 829 549 831 464 831 463 830 447 819 446 819 445 819 404 819 403 819 403 819 402 819 395 825 366 819 365 819 295 830 294 831 240 831 241 848"/></Shape>
	    <String CONTENT="d&#x27;n Vin du Rhin qui en fait de Vins ce que nôtre tres bon"
                    HPOS="240"
                    VPOS="818"
                    WIDTH="798"
                    HEIGHT="46"></String>
          </TextLine>

          
          
          <TextLine ID="eSc_line_3baa2d96"
                    TAGREFS="LT2084"
                    BASELINE="237 890 1072 884" 
                    HPOS="237"
                    VPOS="859"
                    WIDTH="835"
                    HEIGHT="49">
            <Shape><Polygon POINTS="237 890 237 901 305 901 323 908 324 908 324 908 325 908 353 901 357 900 442 900 448 901 473 908 474 908 474 908 548 907 549 907 561 902 567 898 598 898 630 902 663 905 664 905 685 902 692 901 711 902 766 905 767 905 794 902 826 898 917 903 929 903 930 903 931 903 932 903 953 896 999 903 1007 904 1008 904 1017 903 1053 898 1069 903 1072 884 1068 862 1051 868 945 868 935 863 927 859 926 859 868 859 867 859 839 865 817 868 797 865 769 860 768 860 767 860 766 860 758 865 751 870 725 870 719 865 713 862 712 862 711 862 711 862 651 866 626 868 621 867 602 861 601 861 600 861 600 861 599 861 590 867 584 872 558 872 548 867 534 863 533 863 532 863 494 868 470 872 459 869 454 867 453 867 452 867 451 867 447 869 442 871 437 869 425 864 424 864 423 864 402 867 354 863 353 863 282 864 281 864 280 864 269 871 268 872 237 872 237 890"/></Shape>
	    <String CONTENT="et tres Salutaire amy M^r Gloxin est en fait de Medecins. c&#x27;est"
                    HPOS="237"
                    VPOS="859"
                    WIDTH="835"
                    HEIGHT="49"></String>
          </TextLine>

          
          
          <TextLine ID="eSc_line_17734f39"
                    TAGREFS="LT2084"
                    BASELINE="237 930 545 936 1051 934" 
                    HPOS="237"
                    VPOS="904"
                    WIDTH="814"
                    HEIGHT="52">
            <Shape><Polygon POINTS="237 930 238 954 268 945 299 954 300 954 301 954 302 954 305 954 336 947 347 953 349 954 350 954 351 954 352 954 355 953 384 945 474 946 484 952 486 954 487 954 488 954 489 954 514 952 602 945 623 951 633 955 634 955 635 956 694 956 694 955 695 955 709 951 714 950 728 951 773 955 774 955 774 955 793 951 806 947 837 950 846 951 847 951 853 950 871 946 885 950 897 952 898 952 899 952 914 950 930 946 1050 948 1051 934 1050 919 1011 919 1011 918 990 905 989 905 988 905 956 905 955 905 954 905 923 917 905 912 904 912 903 912 902 912 887 917 886 917 885 917 873 910 872 910 871 910 870 910 847 916 822 906 821 906 821 906 820 906 800 916 797 919 774 919 770 916 750 906 749 906 748 906 747 906 725 915 719 919 673 919 668 915 663 912 663 912 662 912 661 912 660 912 652 915 647 917 639 915 622 910 621 910 620 910 619 910 609 914 604 918 496 918 487 913 465 904 464 904 436 904 435 904 434 904 417 912 415 914 395 914 394 912 381 904 380 904 379 904 289 904 288 904 287 904 263 912 252 914 237 912 237 930"/></Shape>
	    <String CONTENT="par Luy (c&#x27;est a dire par le Vin) que Je prétends inviter mes"
                    HPOS="237"
                    VPOS="904"
                    WIDTH="814"
                    HEIGHT="52"></String>
          </TextLine>

          
          
          <TextLine ID="eSc_line_b5a1faf7"
                    TAGREFS="LT2084"
                    BASELINE="237 971 995 978" 
                    HPOS="236"
                    VPOS="949"
                    WIDTH="759"
                    HEIGHT="41">
            <Shape><Polygon POINTS="237 971 236 980 994 990 995 978 995 952 929 952 928 952 927 952 914 959 837 951 831 951 830 951 829 951 829 951 806 959 794 951 793 951 792 951 791 951 790 951 784 951 756 959 682 959 672 951 671 950 670 950 669 950 668 950 667 950 660 951 640 957 608 951 601 951 600 951 600 951 596 951 577 957 561 951 553 949 553 949 552 949 537 951 513 956 471 951 446 949 445 949 444 949 443 949 441 951 434 956 410 951 402 950 401 950 400 950 395 951 380 955 237 951 237 971"/></Shape>
	    <String CONTENT="convives a Entonner Haut et clair un Vivat Dom ſeur."
                    HPOS="236"
                    VPOS="949"
                    WIDTH="759"
                    HEIGHT="41"></String>
          </TextLine>

          
          
          <TextLine ID="eSc_line_c9110448"
                    TAGREFS="LT2084"
                    BASELINE="235 1010 882 1022 1059 1020" 
                    HPOS="234"
                    VPOS="983"
                    WIDTH="825"
                    HEIGHT="55">
            <Shape><Polygon POINTS="235 1010 234 1027 276 1021 308 1028 308 1028 370 1023 397 1029 405 1030 406 1031 432 1031 432 1030 433 1030 435 1030 444 1024 490 1030 515 1032 516 1032 551 1030 605 1026 612 1030 618 1034 619 1034 620 1034 621 1034 640 1030 658 1027 752 1028 761 1031 779 1037 780 1037 781 1037 819 1031 833 1030 848 1031 892 1038 893 1038 921 1032 924 1031 926 1032 940 1038 940 1038 941 1038 1058 1032 1059 1020 1058 1000 1042 993 1041 993 1000 992 999 992 998 992 981 999 969 1003 846 1002 837 996 836 996 835 996 834 996 832 996 782 1000 766 994 751 989 750 989 750 989 722 991 721 991 720 991 718 993 709 999 671 999 640 992 613 986 612 986 611 986 597 991 590 993 567 991 538 987 537 987 537 987 536 987 531 990 520 997 503 997 481 989 467 984 466 984 466 984 465 984 451 988 437 993 394 994 377 987 367 983 366 983 365 983 235 983 235 1010"/></Shape>
	    <String CONTENT="faites, Je vous prie, mille tendres amitiés pour moy a ce cher"
                    HPOS="234"
                    VPOS="983"
                    WIDTH="825"
                    HEIGHT="55"></String>
          </TextLine>

          
          
          <TextLine ID="eSc_line_181289a8"
                    TAGREFS="LT2084"
                    BASELINE="237 1054 1068 1063" 
                    HPOS="237"
                    VPOS="1026"
                    WIDTH="831"
                    HEIGHT="56">
            <Shape><Polygon POINTS="237 1054 237 1066 269 1074 321 1075 322 1075 363 1068 368 1067 371 1068 403 1076 404 1076 405 1076 441 1068 443 1068 444 1068 455 1076 456 1076 457 1076 488 1077 489 1077 554 1069 561 1069 563 1069 586 1077 587 1077 588 1077 589 1077 620 1069 622 1069 655 1069 689 1070 704 1078 705 1078 706 1078 809 1071 813 1071 814 1071 825 1078 826 1078 827 1078 828 1078 829 1078 851 1072 864 1080 865 1080 866 1080 901 1081 902 1081 956 1073 984 1082 985 1082 986 1082 1067 1073 1068 1063 1067 1045 1027 1044 1008 1034 1007 1034 985 1033 984 1033 934 1038 919 1033 918 1033 917 1033 899 1037 850 1032 849 1032 848 1032 821 1041 820 1042 756 1042 752 1040 737 1030 736 1030 735 1030 734 1030 734 1030 710 1038 649 1032 648 1032 648 1032 647 1032 638 1038 635 1040 576 1040 572 1038 564 1031 563 1031 562 1031 561 1031 561 1031 548 1037 545 1038 543 1037 532 1030 531 1030 530 1030 529 1030 503 1032 487 1028 486 1028 441 1028 440 1028 439 1028 438 1028 426 1035 422 1038 329 1038 324 1034 314 1026 313 1026 312 1026 293 1026 292 1026 292 1026 291 1026 279 1033 275 1036 237 1033 237 1054"/></Shape>
	    <String CONTENT="Esculape, a Mad.^e Gloxin, a toute Son aimable famille, et"
                    HPOS="237"
                    VPOS="1026"
                    WIDTH="831"
                    HEIGHT="56"></String>
          </TextLine>

          
          
          <TextLine ID="eSc_line_b16ccb3b"
                    TAGREFS="LT2084"
                    BASELINE="233 1095 393 1099 489 1106 1069 1111" 
                    HPOS="232"
                    VPOS="1072"
                    WIDTH="837"
                    HEIGHT="54">
            <Shape><Polygon POINTS="233 1095 232 1109 425 1111 442 1120 442 1120 443 1120 525 1114 568 1122 569 1122 679 1117 705 1124 706 1124 707 1124 758 1120 769 1124 770 1124 916 1126 917 1126 968 1122 1035 1126 1036 1126 1068 1118 1069 1111 1066 1088 1051 1094 1034 1087 1025 1084 1024 1084 1023 1084 1022 1084 1021 1084 1017 1087 1005 1094 981 1086 979 1085 978 1085 977 1085 971 1086 923 1093 877 1093 855 1084 848 1081 847 1081 828 1081 827 1081 826 1081 820 1083 798 1092 690 1092 648 1080 639 1077 638 1077 604 1077 603 1077 602 1077 596 1078 580 1085 564 1078 561 1077 560 1077 533 1076 532 1076 531 1076 526 1077 497 1089 472 1089 421 1079 420 1079 392 1082 347 1074 345 1074 344 1074 341 1074 315 1077 308 1073 308 1073 307 1073 233 1072 233 1095"/></Shape>
	    <String CONTENT="distinctement a Sa chere fille aînée. pareils compliments"
                    HPOS="232"
                    VPOS="1072"
                    WIDTH="837"
                    HEIGHT="54"></String>
          </TextLine>

          
          
          <TextLine ID="eSc_line_090ca724"
                    TAGREFS="LT2084"
                    BASELINE="231 1134 721 1152 1061 1152" 
                    HPOS="230"
                    VPOS="1110"
                    WIDTH="831"
                    HEIGHT="59">
            <Shape><Polygon POINTS="231 1134 230 1149 268 1148 274 1151 277 1154 278 1154 279 1154 318 1155 319 1155 320 1155 321 1155 324 1152 331 1148 371 1148 393 1153 409 1157 410 1157 410 1157 489 1155 527 1154 544 1156 590 1162 591 1162 657 1158 671 1164 672 1164 744 1165 745 1165 746 1165 764 1159 770 1157 774 1159 782 1165 782 1165 783 1165 843 1167 844 1167 869 1162 919 1169 920 1169 921 1169 933 1163 1059 1164 1061 1152 1060 1136 991 1138 973 1133 953 1129 952 1129 951 1129 942 1133 933 1138 892 1138 881 1132 871 1125 870 1125 869 1125 807 1124 806 1124 806 1124 794 1130 786 1134 728 1133 718 1128 716 1127 715 1127 714 1127 691 1127 592 1130 584 1125 574 1118 573 1118 572 1118 571 1118 505 1123 482 1116 481 1116 452 1116 451 1116 450 1116 431 1122 418 1125 379 1120 373 1120 365 1113 364 1113 363 1113 363 1113 313 1119 295 1121 284 1118 254 1110 253 1110 252 1110 252 1110 231 1117 231 1134"/></Shape>
	    <String CONTENT="et respectueuses Civilités a M^r et Mad.^e Baudouin dont"
                    HPOS="230"
                    VPOS="1110"
                    WIDTH="831"
                    HEIGHT="59"></String>
          </TextLine>

          
          
          <TextLine ID="eSc_line_3c645ab3"
                    TAGREFS="LT2084"
                    BASELINE="225 1181 375 1181 679 1193 1074 1196" 
                    HPOS="225"
                    VPOS="1148"
                    WIDTH="849"
                    HEIGHT="63">
            <Shape><Polygon POINTS="225 1181 225 1195 253 1190 337 1190 344 1196 345 1196 346 1196 347 1196 350 1196 387 1192 396 1196 406 1202 407 1202 408 1202 449 1197 467 1195 486 1198 510 1201 511 1201 512 1201 520 1198 527 1195 532 1198 545 1204 545 1204 575 1205 576 1206 666 1206 666 1205 667 1205 677 1200 679 1198 682 1200 694 1207 695 1207 695 1207 696 1207 697 1207 719 1201 759 1209 829 1211 830 1211 859 1211 859 1211 860 1211 874 1203 911 1203 926 1211 927 1211 928 1211 964 1204 1073 1204 1074 1196 1074 1168 1003 1163 1003 1163 1002 1163 991 1166 987 1168 981 1166 967 1162 966 1162 965 1162 964 1162 954 1165 947 1168 933 1165 914 1161 913 1161 912 1161 905 1164 885 1174 869 1168 869 1168 868 1168 867 1168 844 1175 631 1172 621 1166 620 1166 619 1166 618 1166 617 1166 599 1171 570 1160 569 1160 568 1160 568 1160 558 1164 537 1156 532 1154 531 1154 530 1154 529 1154 524 1156 498 1164 470 1164 441 1164 425 1153 424 1152 423 1152 422 1152 389 1152 388 1152 387 1152 364 1159 330 1150 327 1150 326 1150 325 1150 324 1150 299 1163 253 1149 252 1149 225 1148 225 1181"/></Shape>
	    <String CONTENT="Je n&#x27;oublirai Jamais Les amitiés. revenez auplustôt, cher Pere,"
                    HPOS="225"
                    VPOS="1148"
                    WIDTH="849"
                    HEIGHT="63"></String>
          </TextLine>

          
          
          <TextLine ID="eSc_line_d120d0f5"
                    TAGREFS="LT2084"
                    BASELINE="221 1220 598 1235 1074 1242" 
                    HPOS="220"
                    VPOS="1196"
                    WIDTH="854"
                    HEIGHT="57">
            <Shape><Polygon POINTS="221 1220 220 1236 249 1233 345 1240 399 1243 400 1243 415 1241 435 1237 456 1242 474 1245 474 1245 544 1243 568 1242 600 1244 737 1251 738 1251 739 1251 753 1246 758 1245 766 1247 785 1251 786 1251 824 1248 834 1247 840 1248 865 1253 866 1253 867 1253 881 1249 882 1249 1073 1251 1074 1242 1073 1219 994 1223 949 1217 948 1217 948 1217 930 1221 868 1212 849 1211 848 1211 839 1212 806 1219 786 1219 774 1211 770 1208 769 1208 768 1208 767 1208 766 1208 758 1210 742 1214 728 1209 723 1207 722 1207 721 1207 710 1209 672 1215 619 1215 528 1204 505 1202 467 1202 466 1202 466 1202 465 1202 464 1203 455 1208 436 1202 431 1200 430 1200 429 1200 428 1200 423 1201 395 1209 367 1200 366 1200 365 1200 364 1200 342 1207 316 1199 316 1199 221 1196 221 1220"/></Shape>
	    <String CONTENT="Il fait icy depuis 15 Jours un Tems Sombre et triste. nous avons"
                    HPOS="220"
                    VPOS="1196"
                    WIDTH="854"
                    HEIGHT="57"></String>
          </TextLine>

          
          
          <TextLine ID="eSc_line_c87d4a65"
                    TAGREFS="LT2084"
                    BASELINE="221 1258 761 1275 1030 1274" 
                    HPOS="220"
                    VPOS="1231"
                    WIDTH="810"
                    HEIGHT="62">
            <Shape><Polygon POINTS="220 1268 350 1269 354 1272 361 1276 362 1276 363 1276 363 1276 403 1275 442 1282 442 1282 474 1276 489 1279 490 1279 491 1279 492 1279 498 1274 500 1274 505 1274 540 1284 541 1284 542 1284 647 1281 719 1287 719 1287 720 1287 739 1282 822 1292 823 1292 885 1283 887 1283 889 1283 939 1289 940 1289 994 1286 1004 1293 1005 1293 1006 1293 1007 1293 1008 1293 1029 1286 1030 1274 1029 1257 968 1250 967 1250 966 1250 959 1254 948 1260 926 1260 906 1252 892 1248 892 1248 835 1247 834 1247 833 1247 828 1250 815 1257 794 1257 782 1249 780 1247 779 1247 778 1247 777 1247 770 1248 762 1250 758 1248 753 1245 752 1245 751 1245 735 1247 685 1253 655 1244 646 1242 645 1242 644 1242 629 1243 580 1250 487 1244 486 1244 443 1247 423 1237 422 1237 421 1237 420 1237 382 1245 331 1240 330 1240 304 1243 281 1243 262 1232 261 1232 260 1232 221 1231 221 1258 220 1268"/></Shape>
	    <String CONTENT="besoin de votre presence. Vultus ubituus affulsit gratior"
                    HPOS="220"
                    VPOS="1231"
                    WIDTH="810"
                    HEIGHT="62"></String>
          </TextLine>

          
          
          <TextLine ID="eSc_line_42873139"
                    TAGREFS="LT2084"
                    BASELINE="221 1294 682 1312 1098 1317" 
                    HPOS="221"
                    VPOS="1269"
                    WIDTH="877"
                    HEIGHT="61">
            <Shape><Polygon POINTS="1096 1301 1024 1290 1023 1290 952 1296 933 1298 925 1295 900 1287 900 1287 899 1287 877 1290 866 1285 865 1285 864 1285 863 1285 843 1292 834 1295 711 1292 702 1287 692 1282 691 1282 690 1282 665 1285 638 1290 615 1283 601 1280 600 1280 600 1280 584 1282 560 1287 534 1287 521 1280 518 1279 517 1279 516 1279 505 1280 439 1284 416 1276 407 1273 406 1273 359 1272 358 1272 349 1274 321 1280 289 1271 284 1270 283 1270 221 1269 221 1294 221 1309 241 1306 296 1307 305 1313 308 1313 308 1313 309 1313 334 1313 396 1311 403 1314 405 1316 406 1316 407 1316 408 1316 417 1315 434 1312 459 1316 474 1318 474 1318 509 1317 568 1315 625 1320 670 1323 671 1323 694 1321 713 1320 724 1322 735 1325 736 1325 737 1325 755 1322 766 1321 784 1323 812 1327 813 1327 813 1327 822 1324 827 1323 829 1324 833 1328 834 1328 835 1328 836 1328 869 1325 890 1324 893 1326 900 1329 901 1329 1097 1330 1098 1317 1098 1308 1096 1301"/></Shape>
	    <String CONTENT="It dies, et Soles melius nitent. Je vous embrasse Etroitement"
                    HPOS="221"
                    VPOS="1269"
                    WIDTH="877"
                    HEIGHT="61"></String>
          </TextLine>

          
          
          <TextLine ID="eSc_line_58c5beb5"
                    TAGREFS="LT2084"
                    BASELINE="222 1336 518 1346 1067 1355" 
                    HPOS="221"
                    VPOS="1312"
                    WIDTH="846"
                    HEIGHT="62">
            <Shape><Polygon POINTS="222 1336 221 1350 291 1350 295 1352 303 1357 304 1357 305 1357 306 1357 327 1353 333 1352 340 1353 355 1356 355 1356 389 1354 418 1353 424 1355 432 1359 433 1359 434 1359 450 1355 461 1353 474 1356 508 1364 606 1366 607 1366 608 1366 608 1366 618 1360 621 1358 625 1360 638 1365 639 1365 640 1365 681 1360 705 1359 714 1361 724 1365 725 1365 769 1366 770 1366 771 1366 780 1363 788 1360 794 1363 808 1370 809 1370 810 1370 839 1366 895 1372 896 1373 940 1373 940 1372 941 1372 942 1372 948 1368 1006 1374 1007 1374 1008 1374 1025 1368 1034 1367 1066 1369 1067 1355 1067 1329 969 1326 968 1326 967 1326 966 1326 939 1336 918 1330 917 1330 916 1330 916 1330 896 1335 790 1333 774 1325 774 1325 773 1325 728 1329 713 1321 713 1321 712 1321 711 1321 711 1321 707 1321 680 1327 652 1321 651 1321 610 1329 593 1319 592 1318 592 1318 591 1318 562 1318 561 1318 559 1318 508 1327 459 1319 458 1319 423 1325 395 1314 393 1314 392 1314 391 1314 383 1314 330 1318 287 1313 277 1312 276 1312 276 1312 275 1312 274 1313 260 1321 222 1312 222 1336"/></Shape>
	    <String CONTENT="en vous aſſurant du parfait attachement avec Lequel Je Suis"
                    HPOS="221"
                    VPOS="1312"
                    WIDTH="846"
                    HEIGHT="62"></String>
          </TextLine>

          
          
          <TextLine ID="eSc_line_488d92db"
                    TAGREFS="LT2084"
                    BASELINE="231 1382 328 1378" 
                    HPOS="229"
                    VPOS="1342"
                    WIDTH="99"
                    HEIGHT="51">
            <Shape><Polygon POINTS="231 1382 231 1393 328 1392 328 1378 326 1356 304 1356 295 1352 271 1342 270 1342 269 1342 229 1343 231 1382"/></Shape>
	    <String CONTENT="Vre"
                    HPOS="229"
                    VPOS="1342"
                    WIDTH="99"
                    HEIGHT="51"></String>
          </TextLine>

          
          
          <TextLine ID="eSc_line_c1789e61"
                    TAGREFS="LT2084"
                    BASELINE="322 1416 461 1410" 
                    HPOS="320"
                    VPOS="1345"
                    WIDTH="141"
                    HEIGHT="85">
            <Shape><Polygon POINTS="320 1379 322 1416 322 1426 399 1430 400 1430 401 1430 419 1422 422 1420 461 1419 461 1410 455 1345 447 1353 413 1352 405 1345 404 1345 403 1345 403 1345 402 1345 401 1345 401 1346 395 1353 366 1346 365 1346 364 1346 363 1346 345 1361 342 1364 322 1365 320 1379"/></Shape>
	    <String CONTENT="Bazin"
                    HPOS="320"
                    VPOS="1345"
                    WIDTH="141"
                    HEIGHT="85"></String>
          </TextLine>

          
        </TextBlock>
        
        <TextBlock HPOS="525"
                   VPOS="67"
                   WIDTH="432"
                   HEIGHT="63"
                   ID="eSc_textblock_d797f9ea"
                   TAGREFS="BT6083">
          <Shape><Polygon POINTS="950 81 957 109 950 119 529 130 525 95 550 70 855 67"/></Shape>
          
          
          <TextLine ID="eSc_line_6e97bf7d"
                    TAGREFS="LT2084"
                    BASELINE="534 104 848 102 885 104 951 106" 
                    HPOS="532"
                    VPOS="69"
                    WIDTH="418"
                    HEIGHT="66">
            <Shape><Polygon POINTS="945 82 926 82 926 81 918 75 918 75 905 74 892 73 878 70 865 69 821 69 820 69 818 69 790 81 789 82 742 83 691 83 687 79 673 70 672 70 671 70 669 70 668 70 651 79 645 82 633 79 593 70 592 70 591 70 561 79 549 82 537 79 532 85 533 103 533 125 552 131 553 131 555 131 556 131 557 131 565 126 573 121 580 126 589 134 591 134 592 134 593 135 693 135 693 134 695 134 696 134 705 127 720 119 796 125 797 125 798 125 800 125 800 123 806 118 857 118 878 130 880 130 881 130 882 130 920 125 948 131 950 105 949 89 945 82"/></Shape>
	    <String CONTENT="a Strasbourg ce 29^e. s^bre. 1742"
                    HPOS="532"
                    VPOS="69"
                    WIDTH="418"
                    HEIGHT="66"></String>
          </TextLine>

          
        </TextBlock>
        
        <TextBlock HPOS="1029"
                   VPOS="95"
                   WIDTH="49"
                   HEIGHT="35"
                   ID="eSc_textblock_e29b39a3"
                   TAGREFS="BT6086">
          <Shape><Polygon POINTS="1078 99 1078 130 1029 123 1054 95"/></Shape>
          
          
          <TextLine ID="eSc_line_4cfe95e1"
                    TAGREFS="LT2084"
                    BASELINE="1043 120 1074 116" 
                    HPOS="1039"
                    VPOS="97"
                    WIDTH="34"
                    HEIGHT="38">
            <Shape><Polygon POINTS="1047 99 1039 107 1042 119 1043 133 1055 127 1055 134 1073 135 1073 115 1067 97 1065 97"/></Shape>
	    <String CONTENT="13"
                    HPOS="1039"
                    VPOS="97"
                    WIDTH="34"
                    HEIGHT="38"></String>
          </TextLine>

          
        </TextBlock>
        
        <TextBlock HPOS="479"
                   VPOS="1353"
                   WIDTH="202"
                   HEIGHT="178"
                   ID="eSc_textblock_760dfec5"
                   TAGREFS="BT6090">
          <Shape><Polygon POINTS="681 1531 681 1353 479 1353 479 1531"/></Shape>
          
        </TextBlock>
        

        
      </PrintSpace>
    </Page>
  </Layout>
</alto>
