1746 2682
1511 146 62 87 93

260 201 1172 82 Tourner toutes les autres, et C'est sur ce meme

266 284 1171 91 fondement quil veut Coudre avec les affaires de la

271 371 1108 81 R. P. R. Ce qui s'est passé aux Eslections des

266 452 1125 84 Consuls, bien que ce soit des Choses tout a fait distinguées

274 537 1111 76 C'est pourquoy J'aurois pu aure plus de raison y

275 610 1108 73 repondre dans Larticle qui conserne la Jurade, mais

265 683 1115 78 J'ay Jugé plus a propos de remrttre ma deffence

278 761 1038 71 dans Le lieu de son attaque afin de faire voir

271 829 553 70 Combien elle est Injuste.

204 895 1137 125 Le Parlement demande au Roy dans son

280 998 1102 94 huictieme articles quil plaise a s. M. de Luy

277 1084 1106 76 redonner lentiere Connoissance quil avoit usurpé sur les

275 1160 1108 87 Eslections des Jurats tant Catholiques que Religionnaires,

274 1251 1079 84 par ce que la Crainte des derniers doit estre

274 1327 1079 84 dissipée, et que la Conduitte que la Compagnie

269 1402 1113 80 a Tenüe depuis LEdit, les doit avoir suffisamment

271 1487 1102 70 asseuré de la Justice desinteressée quils en pouvoit

268 1573 1062 63 promettre, on ne peut rien respondre a Un

272 1641 1126 69 argumeut, si pressent, si Conforme au bon sens, et

272 1716 1107 77 a la notorieeté publique, ainsy Il est juste desy

274 1782 1078 81 soumettre, En suppliant seulement Le Juge d'y vouloir

266 1871 1129 80 faire reflextion, pour >q< Concevoir dequoy peuvent

266 1941 1078 71 estre Capables des gens qui osent raisonner

263 2017 1089 66 ainsy, Car Jamais on n'a ouy dire qu'on ait

269 2077 1081 76 representé aux hommes le temps le plus Cruel-

269 2159 1080 74 de leur persecution pour amortir Leure

269 2230 257 103 defiance./
