1830 2669
358 195 1082 105 des Choſes ſi Capitalles, Sil avoit Jamais

367 291 1075 102 Creu de ſ'y pouvoir opposer, Ainsy S. M.

367 389 1064 104 aura esgard a laJustice quil ya de les

378 473 227 74 renverſer,

291 560 1124 129 Le Troisiesme Article Contient la

360 687 1089 91 representation d'un deſordre general dont j'ay

371 778 1067 89 donné par ma conduitte des tesmoignages part.^er

358 856 1091 95 ſil avoit plû au parlement de les Remarquer

336 949 1115 85 Je ſcaurois comment y repondre, mais cet

380 1036 1100 82 article est Court faute de matiere a pouvoir

387 1114 1068 98 diſcourir, Car tout le reste Il n'y en a presque

400 1209 840 87 pas de raiſonner n'y quaſi de parler.

222 1305 1251 109 Le 4.^me Article est plus Estendu, Il attaque

376 1387 1106 103 La durée des Estats quil veut borner comme la

396 1476 1068 96 permission de demander des Reglemens accauſe

387 1554 1080 94 de leur quantité, J'acconde a la Cour de Justice

396 1634 1095 94 que ce n'est pas la multiplicité des loix qui fait

380 1719 1111 84 Le bien des peuples, mais que cest Lobeiſſance que

376 1797 1082 86 Lon leur rend comme le Chatiment des Juges qui

389 1868 261 80 les violent.

282 1943 1222 116 Les Estats ont Tousjours Fidellement executé

385 2055 1124 86 Le premier point en ce qui a dependu d'Eux et

389 2119 1095 100 nont pas moins ſoigneusement demandé Lautre

402 2204 1091 84 Comne Ils font encore maintenant de la
