1848 2682
360 193 1097 76 Comme Il L'espere aujourd'huy que plus Il souffriroit

366 271 1008 68 d'oprobre, et la souffriroit avec moderaõn V. M. Le

360 344 1027 58 releveroit d'autant plus glorieusement, et vangeroit

359 402 1061 65 plus severement sa justice outragée, Il en donna advis

371 461 1035 79 a V. M. par un expres, et ensuitte a envoyé ses

368 533 1065 73 deputez particulierement pour luy demander comme Il

366 585 1084 89 fait tres humblement reparaõn de cette Injure laquelle

371 655 1052 79 va plus Contre V. M. que contre ses officiers lesquels

377 722 1050 70 ne peuvent faire qu'en remettant La vengeance dans

365 768 1044 88 les mains de V. M. et attendre quelle en regle elle

374 822 1050 89 mesme La Mesure par un arrest qui cassera touttes

369 883 1057 92 ses entreprises, et quelle fera sil Luy plaist publier

368 947 1074 93 et enregistrer dans Les mesmes Lieux ou la esté cette

369 1043 252 55 ordonnance./

1590 145 94 107 12
