1917 2723
447 301 1318 95 comme il sera cy apres dit a Sieur. Claude La Pierre.

459 369 1343 90 habitant de la ville de Lyon a consent, S^r Bernard Vautier

458 431 1353 84 bourgeois de Paris y demeurant sur le quay des grandes

455 484 1360 92 augustins parr. S^t. André des arts a ce present acceptant

455 538 1313 92 pour led. La pierre Comme son procureur fondé de lad.

455 600 1359 82 procuration special a l'effet des presentes passée devant

452 656 1291 73 de la salle notaire royal aud. Lyon cresous tesmoins

458 714 1334 71 le septie. aoust dernier demeurée cy jointr apres que led.

459 753 1309 83 Vautier l'a certifiée veritable paraphée revarieter avec les

438 812 1345 77 Notaires souscr. à sa reg.on Promettant luy faire ratifier ces

458 866 1313 80 presentes Et au payeur. du prix et execution du chargeur

464 913 1339 88 cy apres declarées Le faire de nouveau obliger dont il fournira

458 971 1316 72 acte valable audits sieurs et demoiselle bailleur dans un mois

472 1022 1325 83 prochain a parties C'est ascavoir Le droit et permission

456 1074 1355 84 d'establir une accademie de musique dans la ville de Rouen

456 1131 1317 76 seullement composée de tel nombre et qualité de personnes

464 1179 1297 90 que led. Lapierre avisera pour faire en lad. ville les

466 1232 1283 91 representations tant des opera composes par led. deffunt

461 1288 1313 81 sieur Lully que de ceux qui seront composés de l'ordre desd.

438 1341 1344 77 sieurs et demoiselle bailleurs pour estre representes en cette

466 1394 1313 73 ville, Et des autres que led. Lapierre ou ceux avec lesquels

481 1447 1319 74 il pourra s'associer pourront composés tant en langue francaise

485 1502 1327 78 qu'en langues etrangeres semblables aux accademies d'Italie

473 1555 1332 77 et tout ainsy que peuvent pourront faire lesd. bailleurs en vertu

469 1603 1333 83 desd. letres patentes. Lesquelles trois années commanceront

481 1656 1327 85 du jour de la premiere representation que fera led. Lapierre

479 1712 1327 80 en la ville de >lepage< Rouen qui sera le premier Novembre

478 1774 1334 76 prochain ou plutost s'en faire se peut. Pour dud. droit par

481 1824 1310 79 Permission jouir plaisir par led. Lapierre conforment

472 1881 1319 78 ausd. letres et ainsy que lesd. bailleurs ont droit de faire

484 1933 1311 82 en vertu desd. letres, Le subrageant a cette fin en tant que

488 1989 1312 78 besoin seroit aux droit et privilege pour lad. ville de

491 2036 1326 87 Rouen seullement, ce present baile de delaissement fait

490 2107 1277 71 a Conduiroit expresse que led. Lapierre n'est associé ne

491 2166 1304 60 pourront faire aucune representation des opera qui auront

493 2213 1293 78 été representés en cette ville de l'ordre desd. bailleurs
