1917 2671
469 310 1243 95 lad. permission cessera, sans qu'il puisse neanmoins faire

475 366 1315 91 imprimer les livres Notes, le tout ainsy Convint sous peine

478 414 1303 94 de resolution dud. traité si bon semble ausd. bailleurs

475 471 1257 91 Ceraintes etoit promis lesd. baille. de fournir

476 522 1313 90 priessaums. aud. Vaultier aud. nom coppies Collationnées

479 574 1255 95 desd. privelege plutost de Confirmation et pour l'action

487 632 1229 86 des presentes et dependantes ces parties elisent

484 681 1311 86 leurs doubles irreverables scavoir les baille. en la

484 736 1300 83 maison dud. sieur De Francini de nom declaré. Et

487 784 1239 97 led. Vaultier aud. nom ville ou il demeure ausquels

490 850 1299 84 lieux Non obstans Pres obligés Chacun endroit

476 903 1274 101 sans Led. S^r Vaultier aud. nom Revercion faite

504 968 1222 91 cousté et maisons desd. sieurs et damoselle bailleurs,

441 1022 1363 95 L'an XVI.C quatre vingt huit le quinziéme jour de septembre

504 1106 563 67 avant jeudy pour si que

492 1841 1331 71 Et le douze jour d'octobre aud. an XVI.C quatre vingt huit avant jeudi est comparu

501 1894 1317 54 led. S^r Bernard Vaultier nommé au contrat devant ecrit, lequel apporté aud.

487 1924 1311 59 Moufle notaire l'autentiffication qui a esté faitte dud. Contrat Par M^r Bernard

473 1955 1350 66 Vaultier pour Deschamps Endurent y parles son fils Comme ayant droit par

497 1991 1327 73 declaration dud. Claude de Lapierre du Continu end. Contrat, laquellle

497 2031 1327 67 declaration isi transcritte ensuitte de lad. ratification passée pard. Propre

491 2070 1333 71 notaire Royal à Lyon en presence de tesmoins le vingt trois.e  septembre dernier

485 2108 1339 79 Laquelle Ratiffication led. S^r Vaultier Comparent a Requis led. Moufle

487 2157 1339 68 d'annexer a l'enquetes pour en estre declaré exped^ons a qui il apartiendra.

494 2194 1329 83 Ce que luy a esté exposé envers qu'il l'a certifiée veritable et qu'il l'a

487 2236 1336 87 paraphée revarietée en bas d'icelle en vue des notaires Souscrits fait et

490 2280 1210 104 passé en la presence dud. Moufle no.re le d.e jour l'an XVI.C LXXXVIII
