1882 2723
43 83 265 55 Lully Famille.8.

28 116 522 70 Traité pour un opera

42 180 281 69 A Rouen

1175 145 484 78 15 Septembre 1688.

399 272 1335 143 Furent presens M. Jean Nicolas de Francini

381 365 1398 118 chevalier conseiller maitre d'hotel ordinaire du Roy, demeurant

440 428 1335 96 rue du Hazard parroisse Saint Roch. En son nom Сomme aïant la

441 491 1321 85 conduite ordiretion de l'accademie de musique ou opera

443 549 1287 83 Et ayant le droit de dame Madelaine Lambert veuve de

447 602 1282 90 Jean Baptiste Lully écuïer conseiller secretaire du Roy surintendant

446 671 1321 74 de la musique de la chambre de sa Majesté et de Louis de

447 720 1327 77 Lully fils ainié dud. deffunt et de lad. dame, Et encore

452 783 1304 73 a cause de dame Caterine Madelaine de Lully épouse

450 847 1321 80 dud. sieur De Francini, Jacques Du Molin chevalier

453 910 1326 73 conseiller secretaire du Roy ordinaire es finances et grefier

450 960 1323 80 en chef de la Cour des aydes a cause de dame Gabrielle

434 1019 1333 77 Hilaire de Lully son epouse demeurans isle hotel d'aunge

441 1077 1307 75 ecueux parroisse Saint Louis Maitre Jean Baptiste de Lully

453 1134 1320 80 abbé Commendataire de Saint georges sur loire demeurant avec led.

431 1193 1331 76 Sieur Du Francini, >et< Jean Louis De Lully escuyer surintendant

461 1255 1325 59 de la musique de la Chambre de sa Majesté demeurant

478 1310 1308 63 rue de Clery parroisse Saint Eustache, lotel regle Lully emancipe

479 1367 1278 62 d'age jaussans de lad. creusir droits assister pautariger

467 1422 1296 65 a l'efet des presentes de Noble homme Francois Frichet

476 1471 1303 75 pourvoyeur ordinaire de la maison de la Reyne demeurante

468 1529 1318 68 au palais royal led. Curateur aux Causes par ce present,

465 1582 1327 72 lesquels en vertu de la permission accordée par sa Majesté

467 1629 1274 86 aud. deffunt sieur de Lully pausée le tout presentée

475 1697 1316 65 donnée à Versailles au mois de Mars en le soir le douze

464 1745 1321 77 registrée en la Cour de parlement de Paris le vingt sept

472 1806 1329 65 juin anson, Et de la faculté y enoncée d'esablir des ecolles

479 1863 1318 64 particullieres de musique en cette ville de Paris et

479 1915 1316 71 partout où il jugeroit necessaire, lesquelles le tout ont été

478 1975 1316 64 confirmées au profit de lad. dame venue et desd. sieurs

475 2025 1335 67 dames et demoiselle Sorenbane et dud. feu P. Lully. Par

468 2074 1320 72 Sa Majesté par autres lettres du Vingt Septieme. Juin qu'en l.

479 2142 1304 65 que le vingt sept. Qui reconnu avoir ballé et delaissé

482 2196 1337 89 par les presentes pour le temps de trois années a Commancer

75 1297 392 50 Et damoiselle Marie

71 1338 402 64 Louise De Lully fille de

72 1382 384 53 demeurante rue Sainte Anne

71 1425 382 62 parroisse sute. Saint Roch

1711 29 32 127 2

181 2428 157 133 Lully

517 2491 164 191 1683

1037 2457 50 127 51
