1785 2211
106 108 314 55 LA.S LULLY Famille. 8.

726 228 439 175 1882

643 644 295 183 Lully

642 841 316 119 Jean Louis

288 908 1051 171 surintendant de la musique de la chapelle de S. M.

785 1147 201 91 1688.

816 1232 170 100 signature

346 1286 1223 149 acte par lequel les héritiers de Lully vendent à un Saint Vanthier

277 1340 1424 159 la permission d'etablir une académie de Musique (un opéra)

272 1403 1424 152 Rouen, où pourront être representés les opéra de Lulli et ceux que sa

282 1468 1311 149 famille fera faire en vertu du privilège à elle concédé par le Roi

551 1523 1110 114 prix, par chaque année, 2000. acte curieux et bienfait

555 1593 1154 133 La famille se compose, outre Madelaine Lambert, veuve de Lully,

375 1715 454 64 de Louis Lully fils ainé

378 1727 1028 97 de Gabrielle Hilaire de Lully femme de Jacques du Molin

382 1795 774 69 de Jean Baptiste Lully abbé de Saint Georges

390 1843 616 71 de Jean Louis Lully (voir ci dessus)

395 1891 440 52 de Marie Louize Lully,

394 1910 1105 81 de Jean Nicolas Francine, époux de Catherine Madelaine Lully

1648 27 42 120 1

866 2050 43 122 50
