1917 2667
531 266 1254 122 qu'apres qu'ils auront Cessé de les faire representer en cetted.

523 360 1296 72 ville de Paris pour la premiere fois a peine de resolution

493 410 1287 81 des presentes si bon semble ausd. bailleurs, et outre

541 469 1245 71 movennant La somme de Deux mil livres par chacune

535 524 1199 70 desd. trois années que led. S^r. Vautier aud. nom promis par

465 579 1342 72 à obliger bailler payer en cette ville de Paris des mains

532 638 1266 70 desd. bailleurs et importents Lauchement et quitement

520 705 1244 56 de quartier en quartier et par avance Le premier quartier de

542 754 1251 62 payement echeant par avance incontinent apres que la premiere

539 804 1274 68 representation aura été faite en lad. ville de Rouen qui

530 860 1277 69 sera led. jour premier Novembre prochain ou plutost s'il

524 902 1261 78 se peut Et >ainsy Continuer< de quartier en quartier par

547 951 1256 86 avance pendant lesd. trois années, faute de quoy faire

544 1011 1259 66 au Commancent. de chacun quartier le present traité demeurée

529 1064 1267 78 resolu si bon semble ausd. bailleurs qui pourront faire l'effet

551 1127 1223 62 lesd. representations et saisir les decorations machines

544 1180 1252 69 autres choses qui y serviront, sans que cette peine puisse

544 1234 1254 60 passer pour Comminatoire d'autant que sans icelle led. traité

548 1287 1268 59 n'auroit été fait, Est accordé que si led. Lapierre ne pouvoit

545 1336 1265 64 reussir dans l'entreprise desd. representations en lad. ville

550 1386 1266 71 de Rouen dans led. jour premier Novembre prochain au plutard

545 1437 1250 71 led. present traité sera et demeurera aussy nul resolu

550 1492 1252 65 comme non fait, Led. Lapierre sera tenu faire entretenir

538 1542 1235 74 les presentes par ceux avec qui il s'associera qu'il fera.

544 1597 1254 72 meme obliger solidairement avec luy au payem. dud. prix

544 1647 1258 65 et execution de ce que dessus dont il fournira acte valable

547 1696 1203 74 ausd. baille. incontinant apres lad. secrete arrestée a peine

542 1746 1219 74 de resolution des presentes si bon semble ausd. baille.

550 1797 1240 80 ausquels il fournira une grosse des presentes dans

550 1855 1258 66 trois jours, Ne pourra led. Lapierre recevoir ni se

526 1905 1284 70 Servir d'aucuns acteurs chanteurs et danseurs qui seront

544 1940 1270 100 engagés avec lesd. bailleurs que six mois apres lad.

575 2000 1242 86 sortie, Mais pourra faire imprimés les livres en parelles

578 2050 1204 89 des tragedies en musique qu'il representera pour etre

553 2104 1223 82 distribuer en la. ville de Rouen pendant la representation

587 2163 1097 74 seullement apres quoy & l'expiration de presente traité

610 2209 1176 71 et en rapportant par lesd. acteurs chanteurs et danseurs un

604 2246 832 123 certificat desd. bailleurs et leur sortie

128 877 394 114 pour lequel premier

136 942 369 89 quartier led. >iceulx<

139 989 366 85 Vaultier paiera Cinq

126 1024 412 82 cent livres comptant de lad.

131 1064 391 80 ce jour Et >continuant<

136 1100 387 88 paiera doresnavant les

128 1146 318 77 autres quartiers

137 1972 464 71 et ne pourra neantmoins

143 2015 392 71 et ce cas yceluy l'aquiere

133 2038 427 93 avoir ny pretendre aucune

133 2066 405 98 restitution desd. cinq cent

140 2100 404 93 livres paiable pour led.

154 2148 397 75 premier quartier contre

139 2186 397 75 les dig.rs Bailleurs
