1507 2107
407 276 669 109 Chapitre Premier

248 465 976 86 Lorsque V. M. se resolut de me donner

272 551 987 86 en mesme temps et lentree de ses conseilz

266 630 897 88 et grande part en sa confiance pour

270 702 884 86 la direction de ses affaires, je puis

266 786 902 82 dire avec verité que les huguenotz

259 860 893 95 partageoient l'Estat avec Elle, que les

258 939 884 96 grands se conduisoient comme s'ils

264 1027 888 94 n'eussent pas esté ses sujets, et les

257 1093 922 115 gouverneurs des provinces comme s'ilz

263 1195 1007 105 eussent ête souverains en leurs charges ./.

257 1325 936 87 Je puis dire que le mauvais exemple

258 1414 903 97 des uns et des autres estoit si prejud=

238 1518 948 86 =iciable a ce Royaume que les Comp=

238 1620 942 84 =agnies les plus reglees se sentoient

261 1714 955 86 de leur dereglement et diminuoient

1108 79 68 61 14

1118 173 83 69 14
