1507 2107
261 209 921 70 Aux publics, et en un mot la

255 286 896 87 dignité de la Majeste Royalle

254 367 927 87 tellement ravalléé et si differente

251 451 957 86 decequelle devoit être par le deffaut

249 543 940 85 de ceux qui avoient lors la princip=

228 621 913 96 =alle conduite de vos affaires qu'jl

249 716 864 100 estoit presque jmposible de la

261 834 392 59 reconnoistre ./.

216 886 962 114 On ne pouvoit continuer le procedé

256 984 911 94 de ceux a qui V.M. avoit confié

256 1076 898 85 le timon de son Estat, sans tout

252 1169 874 81 perdre, et dautre part on ne

251 1257 885 82 pouvoit aussy le changer tout d'un

255 1344 900 72 coup sans violler les droicts de

252 1446 872 71 la prudence qui ne permet pas

252 1527 844 86 qu'on passe dune extremite a

245 1636 635 70 L'autre sans milieu

175 1708 998 109 Le mauvais Estat de Vos affaires

1113 73 81 65 15

1118 166 65 53 15
