3330 4721
978 637 2118 170 vendra quelques piastres de plus aux

939 831 2225 131 etrangers, on m'a dit aussy qu'on travailloi

934 980 2165 155 a l'impression d'un autre petit livre. >D'un<

939 1117 2188 168 d'une moindre prix, si vous voulés faire

949 1261 2134 163 l'une ou l'autre de ces deux emplettez

952 1416 1992 199 vous n'avez qu'a me marquer vos

957 1560 2189 184 intentions, je vous envoye en attandant

952 1712 2215 252 quelques feüilles de cette meme impress

970 1901 2160 220 que les curieux de ce pays en disent

947 2077 2220 186 estre tres belle. M^rs Senin et fourmont

952 2252 2225 184 ne seront pas admis dans la Bibliotheque

949 2418 2220 162 du g. Seigneur, c'est un lieu sacré dont

947 2583 2204 181 l'entrée est deffendue aux prophanes Le

944 2727 2218 213 mufty est le seul homme de l'empire

944 2916 2239 176 ottoman a qui elle soit permise, ce qui

934 3121 2225 217 vous etonnera d'avantage encore, c'est
