3200 4824
603 321 1792 181 a Constantinople ce 3 avr. 1729.

1338 462 1001 141 Fr. nouv. acq. 6834

209 702 2275 158 Mes occupations ne seront jamais assés

214 887 2305 150 grandes, Monsieur, pour ne pas me

203 1058 2254 158 donner le temps qui me sera necessaire

211 1235 2318 182 pour faire les commissions dont vous

214 1404 2324 209 voudrés bien me faire l'amitié de me

230 1608 2206 195 charger L'imprimerie etablie a

230 1782 2289 211 constantinople se soutient malgré

235 1969 2316 233 les oppositions qu'on y a formé dans

241 2141 2251 225 les commencements les gens de loy

251 2310 2300 236 sont contrariés, mais le grand visir la

270 2484 2300 271 protege, on acheve actuellement l'impression

257 2658 2321 271 d'un grand dictionnaire en langue turque

257 2854 2297 246 et arabe, dont on m'a dit que le prix

262 3009 2254 249 avoit eté fixé a quarante piastres pour

268 3181 2227 254 les sieurs du grand seigneur et que l'on

2355 273 89 149 1

148 3429 390 152 R.D. 9570

75 3628 1747 271 Le M. de Caumont à Avignon
