<?xml version="1.0" encoding="UTF-8"?>
<alto xmlns:xsi="http://www.w3.org/2001/XMLSchema-instance"
      xmlns="http://www.loc.gov/standards/alto/ns-v4#"
      xsi:schemaLocation="http://www.loc.gov/standards/alto/ns-v4# http://www.loc.gov/standards/alto/v4/alto-4-2.xsd">
  <Description>
    <MeasurementUnit>pixel</MeasurementUnit>
    <sourceImageInformation>
      <fileName>Français 2394_f24.jpg</fileName>
      
    </sourceImageInformation>
  </Description>
  
  <Tags>
    <OtherTag ID="BT9580" LABEL="GraphicZone" DESCRIPTION="block type GraphicZone"/><OtherTag ID="BT6111" LABEL="DropCapitalZone" DESCRIPTION="block type DropCapitalZone"/><OtherTag ID="BT6110" LABEL="DigitizationArtefactZone" DESCRIPTION="block type DigitizationArtefactZone"/><OtherTag ID="BT6108" LABEL="DamageZone" DESCRIPTION="block type DamageZone"/><OtherTag ID="BT6121" LABEL="TitlePageZone" DESCRIPTION="block type TitlePageZone"/><OtherTag ID="BT6120" LABEL="TableZone" DESCRIPTION="block type TableZone"/><OtherTag ID="BT6119" LABEL="StampZone" DESCRIPTION="block type StampZone"/><OtherTag ID="BT6118" LABEL="SealZone" DESCRIPTION="block type SealZone"/><OtherTag ID="BT6117" LABEL="RunningTitleZone" DESCRIPTION="block type RunningTitleZone"/><OtherTag ID="BT6116" LABEL="QuireMarksZone" DESCRIPTION="block type QuireMarksZone"/><OtherTag ID="BT6115" LABEL="NumberingZone" DESCRIPTION="block type NumberingZone"/><OtherTag ID="BT6114" LABEL="MusicZone" DESCRIPTION="block type MusicZone"/><OtherTag ID="BT6113" LABEL="MarginTextZone" DESCRIPTION="block type MarginTextZone"/><OtherTag ID="BT6112" LABEL="MainZone" DESCRIPTION="block type MainZone"/>
    <OtherTag ID="LT2096" LABEL="InterlinearLine" DESCRIPTION="line type InterlinearLine"/><OtherTag ID="LT2095" LABEL="HeadingLine" DESCRIPTION="line type HeadingLine"/><OtherTag ID="LT2094" LABEL="DropCapitalLine" DESCRIPTION="line type DropCapitalLine"/><OtherTag ID="LT2093" LABEL="DefaultLine" DESCRIPTION="line type DefaultLine"/>
  </Tags>
  
  <Layout>
    <Page WIDTH="1542"
          HEIGHT="2105"
          PHYSICAL_IMG_NR="1"
          ID="eSc_dummypage_">
      <PrintSpace HPOS="0"
                  VPOS="0"
                  WIDTH="1542"
                  HEIGHT="2105">
        
        <TextBlock HPOS="70"
                   VPOS="660"
                   WIDTH="1464"
                   HEIGHT="1088"
                   ID="eSc_textblock_f56da247"
                   TAGREFS="BT6112">
          <Shape><Polygon POINTS="863 758 1103 746 1210 748 1359 739 1471 776 1499 813 1495 859 1457 887 1393 892 1350 926 1354 953 1326 962 1373 1004 1323 1023 1317 1060 1355 1150 1534 1148 1531 1166 1522 1282 1421 1299 1401 1327 1284 1337 1504 1326 1520 1383 1530 1470 1523 1479 1484 1524 1448 1537 1364 1590 1379 1623 1453 1660 1462 1724 1448 1738 1075 1748 1008 1715 905 1706 365 1706 318 1678 303 1575 121 1542 102 1523 98 1365 70 1341 74 1248 107 1211 148 1206 215 1136 293 1113 308 1051 280 888 126 854 116 785 190 743 257 664 389 660 437 663 511 729"/></Shape>
          
          
          <TextLine ID="eSc_line_9da5cd8d"
                    TAGREFS="LT2095"
                    BASELINE="148 829 655 830 909 839 1481 844" 
                    HPOS="147"
                    VPOS="778"
                    WIDTH="1334"
                    HEIGHT="85">
            <Shape><Polygon POINTS="372 842 387 844 416 850 417 850 460 845 480 843 489 845 506 851 507 851 508 851 510 851 529 845 540 843 575 846 641 852 642 852 643 852 663 846 673 844 703 844 707 847 728 857 730 857 731 857 788 850 809 858 810 858 811 858 862 849 868 847 870 849 885 856 886 856 944 859 945 860 1006 860 1006 859 1007 859 1030 850 1031 850 1033 850 1079 860 1081 860 1150 856 1234 861 1235 861 1274 853 1295 861 1296 861 1454 863 1455 863 1456 863 1479 853 1481 844 1479 799 1339 791 1338 791 1337 791 1317 797 1283 808 1253 808 1224 796 1209 791 1208 791 1207 791 1150 796 1104 799 1081 795 1049 789 1048 789 1047 789 1030 795 985 811 825 811 793 792 781 787 780 787 779 787 778 787 765 790 749 783 748 783 747 783 746 783 734 788 714 781 713 781 446 778 445 778 444 778 420 789 386 804 366 796 365 796 363 796 362 796 343 806 271 806 181 804 149 787 148 829 147 842"/></Shape>
	    <String CONTENT="Monsieur Le Brun sur son Tableau"
                    HPOS="147"
                    VPOS="778"
                    WIDTH="1334"
                    HEIGHT="85"></String>
          </TextLine>

          
          
          <TextLine ID="eSc_line_86d2587b"
                    TAGREFS="LT2093"
                    BASELINE="327 874 1354 881" 
                    HPOS="326"
                    VPOS="838"
                    WIDTH="1028"
                    HEIGHT="65">
            <Shape><Polygon POINTS="327 874 326 898 414 899 415 899 416 899 417 899 444 887 497 887 520 894 521 894 522 894 524 894 525 894 535 888 641 888 671 899 676 901 677 901 678 902 738 902 738 901 748 900 801 889 840 900 849 902 850 902 851 903 958 903 958 902 959 902 964 900 982 892 1028 901 1034 901 1035 901 1036 901 1038 901 1052 895 1088 901 1093 901 1095 901 1096 901 1097 901 1113 892 1155 901 1159 901 1160 901 1166 901 1243 893 1253 899 1254 899 1255 899 1256 899 1290 893 1352 901 1354 881 1353 856 1293 854 1281 845 1279 845 1278 845 1277 845 1276 845 1275 845 1262 854 1258 857 1183 857 1114 852 1068 850 1066 850 1065 850 1058 851 1047 854 1041 851 1027 843 1026 843 1024 843 1023 843 1022 843 1021 843 1008 851 1002 854 917 854 890 850 835 840 834 840 833 840 815 849 807 853 730 853 721 847 712 840 711 840 710 840 669 839 668 839 631 846 622 847 611 846 575 839 574 839 547 845 540 846 535 845 522 839 521 839 520 839 519 839 506 844 498 847 485 844 463 838 462 838 460 838 327 842 327 874"/></Shape>
	    <String CONTENT="De tous ceux d&#x27;auhourdhuy qui decrivent l&#x27;histoire"
                    HPOS="326"
                    VPOS="838"
                    WIDTH="1028"
                    HEIGHT="65"></String>
          </TextLine>

          
          
          <TextLine ID="eSc_line_ab6485bd"
                    TAGREFS="LT2093"
                    BASELINE="324 927 1240 947" 
                    HPOS="322"
                    VPOS="891"
                    WIDTH="918"
                    HEIGHT="74">
            <Shape><Polygon POINTS="324 927 322 934 431 949 432 949 434 949 469 940 470 940 476 940 548 946 549 946 572 943 593 941 634 942 639 946 657 954 658 954 659 954 713 948 745 944 751 949 753 951 754 951 755 951 803 956 804 956 806 956 814 951 821 948 837 953 861 958 862 958 863 958 886 954 914 948 945 955 946 955 947 955 1020 951 1033 958 1037 962 1038 962 1040 962 1041 962 1059 960 1106 954 1126 962 1131 964 1132 964 1237 965 1240 947 1240 918 1228 913 1227 913 1226 913 1224 913 1223 913 1216 918 1210 921 1174 921 1165 918 1136 907 1134 907 1133 907 1132 907 1131 907 1117 916 1112 920 1088 920 1081 915 1058 905 1057 905 1056 905 1055 905 1034 915 1028 918 1013 914 959 902 958 902 883 912 866 914 863 912 848 900 847 900 845 900 754 898 735 898 734 898 733 898 732 898 718 909 714 910 659 910 654 908 620 896 618 896 617 896 555 905 504 898 503 898 501 898 500 898 491 905 490 906 448 906 445 903 427 891 425 891 424 891 423 891 422 891 383 902 380 903 324 902 324 927"/></Shape>
	    <String CONTENT="Quelqu&#x27;un voudroit en vain par des termes choisis"
                    HPOS="322"
                    VPOS="891"
                    WIDTH="918"
                    HEIGHT="74"></String>
          </TextLine>

          
          
          <TextLine ID="eSc_line_4422806d"
                    TAGREFS="LT2093"
                    BASELINE="325 991 758 991 1071 998" 
                    HPOS="324"
                    VPOS="949"
                    WIDTH="747"
                    HEIGHT="77">
            <Shape><Polygon POINTS="325 991 324 1011 352 1008 362 1013 380 1022 381 1022 382 1022 383 1022 400 1013 409 1008 415 1013 423 1020 423 1022 424 1022 425 1022 587 1023 588 1023 589 1023 615 1017 650 1024 651 1024 652 1024 654 1024 668 1015 677 1010 741 1010 751 1016 762 1023 763 1023 765 1023 788 1024 789 1024 790 1024 811 1016 824 1011 870 1011 878 1016 885 1022 886 1022 887 1022 961 1026 962 1026 1008 1017 1010 1017 1012 1017 1040 1022 1041 1022 1042 1022 1043 1022 1050 1017 1057 1012 1068 1017 1071 998 1070 972 1026 962 1024 962 1023 962 996 971 972 960 971 960 969 960 968 960 934 969 910 957 909 957 907 957 849 969 831 955 830 955 829 955 828 955 749 967 730 950 728 950 727 950 658 950 657 950 656 950 616 968 597 950 597 949 596 949 595 949 526 949 525 949 524 949 522 949 501 967 478 968 477 968 460 961 459 961 458 961 457 961 439 967 424 961 423 961 422 961 421 961 420 961 410 968 325 968 325 991"/></Shape>
	    <String CONTENT="Exprimer Justement la valeur de Loüis"
                    HPOS="324"
                    VPOS="949"
                    WIDTH="747"
                    HEIGHT="77"></String>
          </TextLine>

          
          
          <TextLine ID="eSc_line_20c70a89"
                    TAGREFS="LT2093"
                    BASELINE="321 1050 1244 1054" 
                    HPOS="320"
                    VPOS="1016"
                    WIDTH="924"
                    HEIGHT="59">
            <Shape><Polygon POINTS="321 1050 320 1059 346 1060 360 1071 361 1071 362 1071 363 1071 422 1061 463 1061 473 1068 475 1068 476 1068 477 1068 478 1068 479 1068 491 1061 551 1061 593 1067 594 1067 625 1063 654 1072 655 1072 656 1072 760 1063 789 1072 790 1072 792 1072 818 1066 828 1072 829 1072 830 1072 950 1073 951 1073 952 1073 967 1066 1019 1074 1020 1075 1092 1075 1092 1074 1093 1074 1095 1074 1106 1065 1127 1073 1129 1073 1130 1074 1201 1074 1201 1073 1243 1064 1244 1054 1243 1022 1199 1030 1148 1022 1131 1019 1130 1019 1129 1019 1121 1022 1100 1031 1015 1031 893 1026 886 1023 873 1018 872 1018 871 1018 870 1018 869 1018 863 1023 855 1030 785 1030 762 1024 737 1017 735 1017 734 1017 733 1017 718 1024 717 1024 706 1017 705 1017 704 1017 649 1017 648 1017 646 1017 630 1024 623 1027 616 1024 602 1017 601 1017 600 1017 599 1017 597 1017 587 1024 584 1026 542 1026 538 1025 517 1016 515 1016 514 1016 472 1023 458 1016 457 1016 456 1016 427 1022 396 1016 395 1016 394 1016 393 1016 377 1025 376 1026 321 1026 321 1050"/></Shape>
	    <String CONTENT="Le ſeul divin Le Brun est celuy qu&#x27;on doit Croire."
                    HPOS="320"
                    VPOS="1016"
                    WIDTH="924"
                    HEIGHT="59"></String>
          </TextLine>

          
          
          <TextLine ID="eSc_line_59e1899f"
                    TAGREFS="LT2093"
                    BASELINE="326 1101 1306 1113" 
                    HPOS="325"
                    VPOS="1064"
                    WIDTH="981"
                    HEIGHT="71">
            <Shape><Polygon POINTS="326 1101 325 1115 350 1127 352 1127 353 1128 410 1128 410 1127 411 1127 412 1127 423 1119 445 1126 446 1126 448 1126 449 1126 467 1116 487 1116 511 1115 515 1116 562 1129 563 1129 565 1130 617 1130 617 1129 618 1129 620 1129 639 1117 641 1117 682 1123 683 1123 684 1123 700 1117 701 1117 703 1117 723 1128 724 1128 725 1128 726 1128 755 1120 774 1132 775 1132 776 1132 778 1132 850 1120 851 1120 886 1120 932 1120 968 1132 969 1132 971 1132 1027 1122 1051 1122 1071 1135 1072 1135 1074 1135 1075 1135 1126 1128 1134 1134 1136 1134 1137 1134 1138 1134 1139 1134 1166 1125 1227 1135 1228 1135 1229 1135 1248 1125 1305 1123 1306 1113 1306 1086 1279 1075 1278 1075 1186 1074 1185 1074 1183 1074 1166 1082 1155 1087 1119 1081 1082 1075 1081 1075 1079 1075 1066 1080 1057 1084 1049 1080 1042 1077 1041 1077 1040 1077 1038 1077 1028 1079 1008 1085 852 1079 851 1079 850 1079 825 1085 800 1074 789 1070 788 1070 719 1068 718 1068 717 1068 708 1072 687 1082 608 1082 599 1075 597 1075 596 1075 595 1075 568 1081 551 1072 549 1072 548 1072 547 1072 527 1080 506 1070 505 1070 504 1070 503 1070 471 1079 404 1079 366 1065 365 1065 326 1064 326 1101"/></Shape>
	    <String CONTENT="Luy seul de ce grand Roy sçait montrer le grand Coeur"
                    HPOS="325"
                    VPOS="1064"
                    WIDTH="981"
                    HEIGHT="71"></String>
          </TextLine>

          
          
          <TextLine ID="eSc_line_a678ffc6"
                    TAGREFS="LT2093"
                    BASELINE="569 1164 1215 1167" 
                    HPOS="568"
                    VPOS="1129"
                    WIDTH="647"
                    HEIGHT="69">
            <Shape><Polygon POINTS="569 1164 568 1196 610 1197 611 1197 613 1197 614 1197 614 1196 615 1195 629 1182 669 1184 670 1184 671 1184 682 1178 706 1192 711 1195 712 1195 713 1195 714 1195 716 1195 718 1192 735 1177 754 1183 755 1183 756 1183 758 1183 774 1177 811 1178 822 1189 830 1196 830 1197 831 1197 833 1197 834 1198 911 1198 911 1197 912 1197 945 1185 966 1178 1007 1178 1013 1183 1013 1184 1014 1184 1015 1184 1016 1184 1024 1183 1052 1178 1066 1182 1120 1198 1121 1198 1123 1198 1124 1198 1153 1182 1214 1177 1215 1167 1214 1143 1148 1143 1146 1141 1132 1134 1131 1134 1130 1134 1129 1134 1127 1134 1117 1141 1113 1143 972 1143 967 1137 965 1136 965 1135 964 1135 962 1135 961 1135 960 1135 951 1137 933 1142 921 1137 914 1134 913 1134 912 1134 911 1134 905 1136 893 1142 887 1136 880 1130 880 1129 879 1129 878 1129 877 1129 836 1135 825 1136 823 1135 817 1130 816 1130 815 1130 814 1130 813 1130 811 1130 811 1132 808 1135 807 1135 802 1130 802 1129 801 1129 800 1129 691 1129 690 1129 689 1129 683 1132 665 1141 644 1134 643 1134 642 1134 641 1134 622 1141 610 1130 609 1130 608 1130 569 1130 569 1164"/></Shape>
	    <String CONTENT="Quand il Nous depeint ce vainqueur"
                    HPOS="568"
                    VPOS="1129"
                    WIDTH="647"
                    HEIGHT="69"></String>
          </TextLine>

          
          
          <TextLine ID="eSc_line_3dca1d50"
                    TAGREFS="LT2095"
                    BASELINE="129 1303 821 1310 1126 1306" 
                    HPOS="128"
                    VPOS="1252"
                    WIDTH="998"
                    HEIGHT="76">
            <Shape><Polygon POINTS="128 1312 164 1319 166 1319 198 1314 215 1321 216 1321 217 1321 322 1314 368 1323 369 1323 445 1315 475 1323 476 1323 477 1323 513 1319 609 1324 610 1324 672 1316 691 1324 692 1324 693 1324 728 1317 771 1324 931 1327 932 1328 1072 1328 1072 1327 1125 1317 1126 1306 1126 1277 1086 1255 1085 1255 967 1255 966 1255 965 1255 924 1277 916 1281 865 1281 859 1277 831 1257 830 1257 829 1257 828 1257 827 1257 814 1260 807 1254 806 1254 804 1254 803 1254 802 1254 761 1277 759 1278 735 1280 714 1277 703 1274 670 1253 669 1253 668 1253 517 1252 515 1252 514 1252 491 1261 450 1252 449 1252 389 1266 348 1265 338 1255 336 1255 335 1255 334 1255 333 1255 332 1255 299 1277 297 1277 129 1277 129 1303"/></Shape>
	    <String CONTENT="Monsieur Le Brun"
                    HPOS="128"
                    VPOS="1252"
                    WIDTH="998"
                    HEIGHT="76"></String>
          </TextLine>

          
          
          <TextLine ID="eSc_line_ef6825e2"
                    TAGREFS="LT2093"
                    BASELINE="1205 1245 1447 1251 1512 1237" 
                    HPOS="1203"
                    VPOS="1155"
                    WIDTH="307"
                    HEIGHT="111">
            <Shape><Polygon POINTS="1203 1243 1203 1263 1231 1255 1326 1261 1433 1266 1434 1266 1508 1255 1510 1236 1505 1177 1447 1177 1445 1175 1431 1164 1429 1164 1427 1164 1426 1164 1424 1164 1394 1173 1389 1175 1387 1173 1371 1159 1370 1159 1368 1159 1303 1159 1301 1159 1299 1159 1298 1159 1285 1170 1270 1157 1268 1157 1266 1157 1227 1155 1226 1155 1224 1155 1203 1166 1203 1243"/></Shape>
	    <String CONTENT="I.C.D.S.M"
                    HPOS="1203"
                    VPOS="1155"
                    WIDTH="307"
                    HEIGHT="111"></String>
          </TextLine>

          
          
          <TextLine ID="eSc_line_959cb145"
                    TAGREFS="LT2093"
                    BASELINE="125 1443 705 1447 1474 1444 1475 1444 1516 1437" 
                    HPOS="124"
                    VPOS="1338"
                    WIDTH="1391"
                    HEIGHT="121">
            <Shape><Polygon POINTS="124 1441 124 1459 1513 1457 1515 1436 1512 1384 1408 1382 1352 1338 1350 1338 1349 1338 1347 1338 1345 1338 1289 1357 1247 1345 1245 1345 1243 1345 1242 1345 1240 1345 1215 1364 1177 1347 1175 1347 1173 1347 1171 1347 1170 1347 1140 1370 1099 1338 1098 1338 1096 1338 1094 1338 1092 1338 1049 1350 1031 1338 1029 1338 1028 1338 931 1338 929 1338 928 1338 926 1338 903 1354 866 1338 864 1338 768 1338 766 1338 764 1338 763 1338 701 1384 563 1384 499 1338 498 1338 496 1338 394 1338 392 1338 391 1338 389 1338 328 1380 124 1382 124 1441"/></Shape>
	    <String CONTENT="sur son Discours touchant Le tableau de Mo"
                    HPOS="124"
                    VPOS="1338"
                    WIDTH="1391"
                    HEIGHT="121"></String>
          </TextLine>

          
          
          <TextLine ID="eSc_line_2ce19319"
                    TAGREFS="LT2093"
                    BASELINE="118 1514 229 1520 297 1512" 
                    HPOS="115"
                    VPOS="1461"
                    WIDTH="181"
                    HEIGHT="77">
            <Shape><Polygon POINTS="117 1513 119 1538 156 1529 292 1534 296 1510 291 1475 147 1461 145 1461 143 1461 115 1471 117 1513"/></Shape>
	    <String CONTENT="son"
                    HPOS="115"
                    VPOS="1461"
                    WIDTH="181"
                    HEIGHT="77"></String>
          </TextLine>

          
          
          <TextLine ID="eSc_line_3d2a6d3d"
                    TAGREFS="LT2093"
                    BASELINE="403 1505 451 1502 877 1508 1182 1507" 
                    HPOS="399"
                    VPOS="1459"
                    WIDTH="781"
                    HEIGHT="74">
            <Shape><Polygon POINTS="401 1503 399 1513 471 1513 473 1513 499 1529 501 1529 503 1529 505 1529 554 1519 598 1529 599 1529 601 1529 682 1519 842 1531 843 1531 845 1531 873 1519 877 1517 878 1519 889 1529 889 1531 891 1531 892 1531 894 1531 896 1531 926 1522 952 1533 954 1533 956 1533 957 1533 991 1520 996 1519 999 1520 1017 1529 1019 1529 1020 1529 1022 1529 1054 1522 1064 1519 1075 1522 1110 1533 1112 1533 1113 1533 1115 1533 1138 1522 1147 1519 1177 1522 1180 1506 1177 1473 1085 1480 1063 1469 1056 1468 1054 1468 1052 1468 1050 1468 1049 1468 1049 1469 1047 1469 1035 1482 998 1482 977 1469 966 1464 964 1464 963 1464 936 1468 882 1478 845 1468 831 1462 829 1462 828 1462 806 1466 752 1478 724 1464 715 1461 713 1461 712 1461 710 1461 708 1461 705 1464 687 1478 561 1478 514 1462 505 1459 503 1459 501 1459 401 1459 401 1503"/></Shape>
	    <String CONTENT="Si pour peindre le plus grand Roy"
                    HPOS="399"
                    VPOS="1459"
                    WIDTH="781"
                    HEIGHT="74"></String>
          </TextLine>

          
          
          <TextLine ID="eSc_line_a9e4ec2a"
                    TAGREFS="LT2093"
                    BASELINE="361 1564 1226 1567" 
                    HPOS="357"
                    VPOS="1513"
                    WIDTH="867"
                    HEIGHT="81">
            <Shape><Polygon POINTS="359 1562 357 1578 377 1591 378 1591 380 1591 382 1592 435 1592 435 1591 436 1591 438 1591 438 1589 447 1582 456 1589 457 1589 459 1589 461 1589 531 1580 542 1589 542 1591 543 1591 545 1591 547 1591 549 1591 575 1580 587 1591 589 1591 591 1591 592 1591 594 1591 596 1591 596 1589 610 1578 663 1591 664 1591 666 1591 668 1591 685 1578 710 1591 712 1591 713 1591 715 1591 717 1591 731 1578 733 1578 763 1591 764 1591 766 1591 768 1591 808 1580 810 1580 843 1592 845 1592 847 1592 901 1584 963 1592 964 1592 966 1592 968 1592 968 1591 978 1582 982 1580 987 1582 1028 1592 1029 1592 1031 1592 1033 1592 1035 1592 1035 1591 1045 1582 1049 1580 1057 1582 1096 1592 1098 1592 1099 1594 1152 1594 1152 1592 1154 1592 1156 1592 1156 1591 1164 1584 1168 1580 1220 1584 1224 1566 1220 1517 1175 1519 1173 1519 1171 1519 1156 1533 1136 1524 1135 1524 1133 1524 1131 1524 1129 1524 1122 1529 1106 1517 1105 1517 1103 1517 1101 1517 1099 1517 1073 1527 1015 1517 1013 1517 1012 1517 1010 1517 985 1533 915 1517 913 1517 912 1517 910 1517 891 1533 792 1533 757 1522 756 1522 754 1522 752 1522 750 1522 740 1531 721 1515 719 1515 717 1515 677 1515 675 1515 673 1515 671 1515 656 1527 643 1519 642 1519 640 1519 638 1519 568 1533 436 1533 410 1515 408 1515 406 1515 359 1513 359 1562"/></Shape>
	    <String CONTENT="Le pinceau de le Brun est le seul crû Capable"
                    HPOS="357"
                    VPOS="1513"
                    WIDTH="867"
                    HEIGHT="81"></String>
          </TextLine>

          
          
          <TextLine ID="eSc_line_4c4d84de"
                    TAGREFS="LT2093"
                    BASELINE="1214 1507 1414 1507" 
                    HPOS="1213"
                    VPOS="1445"
                    WIDTH="200"
                    HEIGHT="75">
            <Shape><Polygon POINTS="1213 1506 1213 1520 1413 1520 1413 1506 1413 1452 1375 1445 1373 1445 1371 1445 1350 1457 1333 1466 1315 1459 1273 1445 1271 1445 1270 1445 1268 1445 1266 1445 1243 1466 1240 1469 1213 1469 1213 1506"/></Shape>
	    <String CONTENT="Oncle"
                    HPOS="1213"
                    VPOS="1445"
                    WIDTH="200"
                    HEIGHT="75"></String>
          </TextLine>

          
          
          <TextLine ID="eSc_line_ced13292"
                    TAGREFS="LT2093"
                    BASELINE="334 1616 1069 1620" 
                    HPOS="331"
                    VPOS="1573"
                    WIDTH="737"
                    HEIGHT="74">
            <Shape><Polygon POINTS="331 1641 664 1636 678 1641 698 1647 699 1647 701 1647 735 1640 747 1638 770 1640 843 1647 845 1647 994 1638 999 1638 1029 1647 1031 1647 1033 1647 1035 1647 1066 1636 1068 1619 1068 1594 1026 1575 1024 1575 1001 1575 999 1575 998 1575 996 1575 996 1576 980 1591 968 1580 968 1578 966 1578 964 1578 963 1578 961 1578 929 1587 887 1575 885 1575 884 1575 882 1575 845 1592 845 1594 701 1594 698 1592 642 1573 640 1573 599 1573 598 1573 596 1573 594 1573 594 1575 575 1591 575 1592 542 1592 540 1591 512 1573 510 1573 508 1573 506 1573 505 1573 477 1585 442 1573 440 1573 438 1573 436 1573 435 1573 435 1575 419 1589 408 1580 406 1580 405 1580 403 1580 401 1580 399 1580 399 1582 391 1591 333 1591 333 1615"/></Shape>
	    <String CONTENT="pour Loüer ce denier par une Egale Loy"
                    HPOS="331"
                    VPOS="1573"
                    WIDTH="737"
                    HEIGHT="74"></String>
          </TextLine>

          
          
          <TextLine ID="eSc_line_5cef3132"
                    TAGREFS="LT2093"
                    BASELINE="328 1675 1064 1671" 
                    HPOS="327"
                    VPOS="1634"
                    WIDTH="737"
                    HEIGHT="76">
            <Shape><Polygon POINTS="328 1675 329 1699 352 1693 360 1699 373 1709 374 1709 375 1709 376 1710 448 1710 448 1709 449 1709 472 1698 480 1694 494 1698 532 1708 533 1708 534 1708 535 1708 558 1698 561 1695 565 1698 584 1708 586 1708 587 1709 654 1709 654 1708 655 1708 656 1708 671 1698 718 1700 719 1700 720 1700 728 1696 745 1688 776 1693 778 1693 902 1687 928 1694 932 1695 933 1695 934 1695 941 1694 976 1687 1008 1694 1031 1699 1033 1699 1034 1699 1035 1699 1035 1698 1040 1694 1044 1689 1062 1693 1064 1671 1063 1646 1040 1634 1038 1634 1037 1634 1036 1634 1035 1634 1035 1636 1028 1641 1022 1636 1021 1636 1020 1636 1019 1636 1017 1636 997 1645 993 1648 950 1648 939 1645 904 1634 903 1634 902 1634 900 1634 879 1644 869 1648 808 1646 804 1644 797 1638 796 1638 795 1638 794 1638 793 1638 792 1638 792 1639 786 1644 780 1648 724 1643 719 1643 718 1643 717 1643 690 1650 680 1643 676 1638 675 1638 673 1638 599 1637 597 1637 596 1637 595 1637 595 1638 590 1641 581 1650 529 1650 518 1641 517 1641 515 1641 514 1641 513 1641 512 1641 512 1643 501 1652 469 1652 451 1640 449 1638 448 1638 446 1638 445 1638 444 1638 437 1639 408 1648 387 1639 383 1638 382 1638 381 1638 327 1638 328 1675"/></Shape>
	    <String CONTENT="La plume qui le fait doit Estre Inimitable"
                    HPOS="327"
                    VPOS="1634"
                    WIDTH="737"
                    HEIGHT="76"></String>
          </TextLine>

          
          
          <TextLine ID="eSc_line_67aefa0e"
                    TAGREFS="LT2096"
                    BASELINE="628 1606 644 1607" 
                    HPOS="624"
                    VPOS="1592"
                    WIDTH="23"
                    HEIGHT="20">
            <Shape><Polygon POINTS="624 1612 642 1612 643 1606 647 1594 628 1592 626 1605"/></Shape>
	    <String CONTENT="r"
                    HPOS="624"
                    VPOS="1592"
                    WIDTH="23"
                    HEIGHT="20"></String>
          </TextLine>

          
          
          <TextLine ID="eSc_line_1278d866"
                    TAGREFS="LT2093"
                    BASELINE="1063 1726 1449 1719" 
                    HPOS="1061"
                    VPOS="1636"
                    WIDTH="388"
                    HEIGHT="109">
            <Shape><Polygon POINTS="1439 1653 1437 1654 1432 1651 1428 1648 1423 1646 1412 1640 1402 1636 1350 1650 1318 1658 1300 1650 1298 1648 1297 1648 1296 1648 1295 1648 1292 1650 1275 1658 1189 1660 1174 1648 1162 1638 1161 1638 1160 1638 1159 1638 1061 1646 1063 1726 1063 1741 1138 1737 1152 1740 1180 1745 1181 1745 1182 1745 1199 1738 1202 1738 1312 1743 1313 1743 1315 1743 1332 1734 1333 1734 1334 1734 1362 1742 1364 1742 1365 1742 1366 1742 1393 1735 1432 1741 1433 1741 1434 1741 1435 1741 1449 1731 1449 1719 1444 1655 1439 1653"/></Shape>
	    <String CONTENT="I.C.D.S.M."
                    HPOS="1061"
                    VPOS="1636"
                    WIDTH="388"
                    HEIGHT="109"></String>
          </TextLine>

          
        </TextBlock>
        
        <TextBlock HPOS="551"
                   VPOS="84"
                   WIDTH="571"
                   HEIGHT="658"
                   ID="eSc_textblock_2c7f8b57"
                   TAGREFS="BT9580">
          <Shape><Polygon POINTS="1116 119 1122 304 1122 323 1102 472 1103 713 1067 716 999 723 986 736 686 742 570 731 551 664 569 449 552 374 553 283 579 84"/></Shape>
          
        </TextBlock>
        

        
      </PrintSpace>
    </Page>
  </Layout>
</alto>
