1148 1448
586 80 331 54 Paris 2 Aout 1743

144 152 900 51 Je vous remercie, mon cher ami, au nom de nos

89 197 961 59 superieurs et de toute la Communauté de votre attention

86 255 953 55 à nous envoyer les nouvelles. En voici deux que vous

86 306 973 62 nous mettrez à leur juste valeur. Il se répand depuis

85 353 984 71 quelques jours dans Paris qu'un Seigneur des plus qualifiés,

86 415 986 61 qui avoit servi dans l'armée de Baviere, mais que l'on ne

83 470 968 51 nomme pas, a été conduit ici dans une chaise de poste

86 511 983 67 pieds et poings liés et en robe de chambre par le Major

85 567 963 63 de Strasbourg. On ajoute que l'Empereur a fait arrêter

86 614 407 62 le Comte de Seckendorf.

123 666 930 67 Le projet de réimprimer séparément les Conciles de la

85 726 970 55 Province de Reims, après que la Collection generale aura

86 771 980 64 été donnée au Public, peut avoir lieu. Le seul obstacle qui

90 826 967 61 s'y rencontreroit est celui que M.^gr l'Archevêque Duc

83 880 991 66 de Reims a prévu, et qu'il se propose de lever, en voulant

83 935 983 72 bien entrer dans les frais de l'impression. Outre cette facilité,

90 987 961 70 il est à présumer >que< dans une Province de cette étendue

90 1045 964 70 beaucoup d'Ecclesiastiques, hors d'état de se procurer la

89 1102 982 70 grande Collection, se porteront volontiers à en acquerir les

86 1155 980 68 morceaux qui les intéresseront plus particulierement. Pour

86 1206 979 72 ce qui me regarde, vous sentez combien je dois être flatté

83 1256 989 85 de l'occasion que ce projet me fournira de rendre hommage

987 82 41 50 63
