1227 1464
234 314 836 58 J'ay receu mon Reverend Pere la lettre que vous

200 377 878 62 m'avez fait lhonneur de m'ecrire le 22 de ce mois,

235 440 856 64 accoutumé depuis longtems aux temoignages de votre

236 502 864 66 amitié je n'y Suis que plus sensible a Ceyx que

235 566 853 61 vous voulez bien m'en donner aujourd'huy, je vous

231 624 872 63 Supplie dEtre persuadé de ma parfaite reconnoissance

244 680 813 65 et de l'Ennui que J'aurois de vous en donner des

235 746 831 64 preuves, J'ay envoyé aujourd'huy a M Le Marquis

225 808 866 64 de Maupeou la lettre que vous m'avez addressée pour

228 868 847 61 luy, Je Connois quel Etoit Votre attachement pour

218 935 877 54 Madame de Maupeou elle en Etoit elle mesme

223 997 841 61 convaincue et m'en a parlé plus d'une fois dans

221 1054 275 48 les derniers tems

240 1110 859 62 J'ay lhonneur d'Etre avec un tres parfait attachement Mon

216 1165 863 55 Reverend Pere Votre tres humble et tres obeissant serviteur

443 67 572 83 A Strasbourg le 25 8bre 1742.

1031 68 65 55 52
