1201 1471
555 75 527 53 à Douaÿ le 27 janv. 1743

1010 127 68 44 43

97 193 998 53 Je suis dans des allarmes mortelles mon cher

103 245 987 52 et respectable Dom Guillaume, vous ſcavez

100 296 994 53 combien je m'intereſſe à votre ſanté et vous

99 349 989 49 ne m'en donnez aucune nouvelle. je m'etois

106 393 986 67 flatté que rapproché de moi vous me feriez

97 451 956 49 Le plaisir de descendre à Douaÿ, et Loin

100 502 988 63 de me ſacrifier quelque quinzaines de jours

101 556 990 49 vous me refusez-meme deux ou trois momens

98 600 986 57 qui ſeuls vous ſuffiroient pour m'ecrire.

101 657 930 44 est-ce donc Là L'amitié que vous me

99 708 997 51 promettiez en Alsace ? ou peut-etre ſeriez-

98 762 998 39 vous de ces gens dont La bouche et le coeur

98 810 982 61 ne ſ'accordent pas ? il est vraÿ qu'un

103 864 971 59 certain mÿlord (que bien vous connoiſſez)

102 920 990 59 a tenté de me Le persuader à gebwiller,

98 980 991 52 mais je L'ai rembarré d'importance et

111 1024 972 66 j'ai ſcu vous rendre La justice que vous

98 1088 964 60 meritez c'est-à-dire La justice que je

98 1140 955 49 croiois alors vous etre duë mais qui

98 1191 962 53 aujourd'hui me devient equivoque. voulez-vous

103 1245 993 58 m'appaiser Cher Ami ? marquez-moi inceſſamment
