1175 1432
140 372 898 56 La Consternation a étée des plus grandes, Mon cher

136 420 901 50 Reverend Pere, et jamais L'on n'avoit vu S. A. E. dans

144 460 841 49 un accablement paraille. Dieu Mercy, nous en voila

139 497 881 58 delivré elle se porte tres bien sa blessure n'est presque

138 537 919 54 plus rien le Bandeau est otté il ne reste qu'un emplattre

139 578 866 53 quelle gardera quelque tems elle part pour Saverne

140 618 874 52 apres demain pour huit jours seulement elle revient icj

142 655 896 58 aprés jusqua son départ que l'on se scais point

140 696 898 52 encore vos amis qui sont en grand Nombre icj vous regrette

142 734 861 50 infiniment et ne se consolent que par lesperance de

145 777 819 39 vous voir plustot L'année prochaine. M. L'abbé

143 810 851 44 de Ravenne jouis d'une bonne santee M. Bazin

136 844 865 54 M. Karker L'abbé Vergeur Avez vous embrasse et moi de

140 884 677 44 tout mon Coeur mon chere Reverend Pere

784 923 131 119 Botet

130 980 476 68 Strasbourg le 20 9^bre 1740

981 95 41 49 33
