1246 1490
211 229 783 75 Monsieur et trés honoré cher Confrere

202 626 928 58 Les marques d'amitié que vous m'avez toujours temoignées

178 677 957 52 sont un suiet de reconnoissance pour moy Tant que je vivrai,

153 723 967 48 je ne scaurois vous l'exprimer mieux que par les voeux

190 770 949 52 que je vous fait pour la conservation de vôtre santé,

175 817 915 57 et pour une suite Continuelles de toutes sortes de

170 865 939 65 prosperités, je vous supplie de les aggréer dans

166 923 884 41 ce renouvellement d'année, et de m'accorder La

166 964 974 54 Continuation de vôtre pretieuse Amitié, je tacherai

161 1013 979 61 de la meriter par L'attachement respectueux, avec

173 1066 593 58 Le quel j'ai l'honeur d'être

269 1143 762 68 Monsieur et trés honoré cher Confrere

127 1214 503 54 mes Complimens, s'il vous plait à tous

136 1255 477 43 nos amis de la Cour sans oublier

713 1234 393 64 Vôtre trés humble et

122 1288 515 59 Le nouveau chanoine de S^t piere.

747 1278 354 55 trés obeissant serviteur

720 1321 426 57 Benoit De Beroldingen

750 76 387 57 A Gueviler ce 24 10bre 1739.

1063 132 67 44 25
