1679 2363
211 292 1408 100 sur la carte du duc de Berri devenu dauphin, ses

214 399 1371 73 rectifications forment le cahier année 1767 qui

210 487 387 64 vient après

302 553 1329 81 Mémoire des cartes dessées par Buache pour

212 649 1378 65 le Dauphin père des trois jeunes princes, année

216 722 1389 89 1735, pour le duc de Bourgogne, le duc de Berri

207 808 1359 78 le comte de Provence et en 1768 pour le comte

190 891 297 66 d'Artois.

313 960 1296 84 Table des cartes des provinces de la france, faites

232 1048 1391 82 pour le Dauphin et le comte de Provence année 1768

307 1135 1316 75 Autre table des cartes des povinces de la france

214 1215 1382 83 faites pour le Dauphin, le Comte de Provence et le

218 1307 428 59 comte d'Artois.

296 1366 1327 88 Dessin de la caste et carte de la savoye et du

219 1461 1406 76 Piémont en partie écrite par le comte d'Artois année

216 1549 170 59 1770.

310 1610 1316 93 Dessin de la carte de la république de Venise,

220 1697 1399 81 du Milanais, des duchés de Parme et de Modène

224 1789 1075 80 pour le comte d'Artois, année 1770.

332 1862 1272 76 On ne peut se défendre d'un vif sentiment

219 1944 1414 97 de curiosité et d'intérêt pour ces objets materiels

1531 61 82 96 5
