1691 2357
377 298 1294 100 Lettre de Buache au comte d'Argenson, année

336 386 1337 93 1760, où il le prie de lui faire prêter le globe et

331 471 1337 82 la ſphère qu'il avait construits pour l'instruction du

330 564 1326 73 duc de Bourgogne .- Programmes de géographie

289 648 664 73 destinés à ce prince.

437 705 1216 95 Mémoires, lettres originales de Buache, de

344 793 1307 75 Mentelle, minutes de lettres concernant la

345 882 1325 80 proposition faite par Buache au directeur des

331 959 1337 74 études de l'école militaire d'appliquer à l'enseigneme

339 1041 1325 86 géographique des élèves la méthode employée pour

347 1135 892 65 duc de Bourgogne, année 1760.

409 1209 1258 76 Buache portait aux trois jeunes princes le duc

348 1287 1318 80 de Berri, le comte de Provence et le comte d'Artoi

347 1369 1319 74 des cartes muettes, où il n'y avait que les cours des

348 1446 1319 87 rivières, les limites des Royaumes et des province

351 1522 1305 87 L'abbé d'Argentré leur donnait les noms pour les

351 1613 1300 80 placer sur ces cartes. Le cahier bordé de bleu de

349 1702 1296 67 l'année 1767 est un de ces cahiers de noms.

410 1763 1241 102 Quand les princes avaient placé et écrit les

343 1856 1315 74 noms sur cartes, Buache éxaminait s'ils les avaie

652 1826 42 61 les

348 1940 1293 104 bien placés, bien orthographiés. Ses observations
