1681 2325
23 32 203 51 tre de Géographie

11 71 208 74 e Monseigneur

107 229 315 73 A son Eminence

107 317 612 62 Monseigneur Le Cardinal de Fleury

104 401 230 61 Monseigneur

104 467 1038 72 L'Education de Monseigneur le Dauphin est un objet si important

99 532 1062 67 pour aſsurer et perpetuer le bonheur de la France qu'on ne peut aſsés tôt

99 594 1053 64 prendre des mesures qui puissent en procurer le succés, particulierement

98 651 840 65 pour ce qui regarde l étude de l'histoire et de la Glographie.

103 709 1043 71 Il faut croire que l'attachement de Monseigneur le Cardinal pour la

102 772 1063 74 Personne du Roy ne manquera pas de lui faire prendre en cela tous les

917 847 28 0 tels

95 825 1043 74 soins nécéſsaires pour le cours des Etudes de ce Prince, que son Emin^ce

95 887 1057 64 a donnés a l'Education de sa Majesté dont les suites ont été si heureuse

98 950 828 65 que l'evenement a bien justifié le choix de Louis XIV.

104 1008 1031 67 Il n'y a point parmi les scavans en tout genre de bon sujet qui ne

95 1066 1027 60 soit ravi, et qui ne se fasse un devoir respectueux de pouvoir en cela

95 1122 1044 59 contribuer au bien Public en secondant les intentions de son Eminence,

96 1181 1019 66 et en donnant sous ses ordres tous les secours dont on seroit capable.

105 1236 1034 71 Mais les bontés particulieres de son Eminence pour une famille qui

96 1290 1043 75 lui doit tant, l'obligent plus que tout autre a prendre ces sentimens

98 1353 1060 69 qui la font aller au devant des occasions de lui marquer son zele et son

94 1418 409 64 attachement respectueux.

113 1468 1048 74 Ces motifs bien fondés pourront servir d'Excuse a la liberté qu'on prend

94 1524 1072 73 de venir offrir a son Eminence avec respect ce qui peut dépendre de cete

85 1583 1062 72 famille par raport à ses talens et a la Géographie, en preparant, com̄e

95 1641 1048 64 elle fait depuis longtems tout ce qui >peut< pourroit de sa part entrer dans

94 1690 758 65 les vuës de Monseigneur pour un si grand dessein.

1146 228 284 56 Presenté le 30 Juillet

1227 268 88 63 1735.

1444 44 43 64 8
