1675 2334
464 176 989 85 marquer les Positions. J'ai parlé dans le même tems

463 250 1004 71 de l'avantage de cette maniere de traiter la

457 325 990 80 Geographie, comme d'un moyen propre a faire retenir

465 391 994 71 aux jeunes Personnes ce qu'on leur auroit enseigné ; J'ai

470 452 990 86 rapporté à ce Sujet les travaux faits par M. L'Abbé

468 523 963 79 de Danjeau qui ont eté fort estimés des Amateurs

469 591 989 81 de la Geographie, et les Vues que j'avois depuis

463 663 1029 83 Longtems pour l'Institution de l'Ecole Royale militaire,

467 744 1035 72 où l'on pourroit suivre la même Methode en faisant

470 815 785 73 usage de Cartes gravées au simple trait.

551 897 907 69 J'attends l'Execution entiere de ces travaux pour

472 960 1004 59 renouveller toutes mes idées à ce Sujet et demander

467 1019 1014 79 à la Compagnie son suffrage pour cette entreprise

465 1099 958 74 que M. Le Duc de la Vauguyon, M. L'Eveque de

459 1177 979 71 Limoges et autres personnes que sont à portée d'en

470 1247 727 60 voir l'utilité honoreront de leurs Soins.

487 1435 968 78 Je mets aussi sous les yeux de la Compagnie

467 1509 1027 82 un Résultat des Observations faites à Paris sur

451 1587 985 71 la plus grande Crue et Diminution de la seine

461 1654 984 73 dans chaque mois de l'année depuis 1732 jusqu'es

467 1719 345 67 et compris 1766.

547 1797 910 74 Ce Recueil qui contient 34 feuilles ou Tables

464 1880 946 68 representant la Crue et Diminution des Eaux

1315 1948 136 76 de la
