1993 2876
171 471 1658 145 Lettre de la main du Roy Francois premier

196 602 1525 132 Escritte a Messire Anne de Montmorency

194 715 1498 131 Mareschal grand Maistre et depuis

172 838 1670 159 conestable de france par laquelle il luy

175 995 1485 110 tesmoigne la Joye qu'il a de se voir

161 1124 1587 125 en Liberté et le Remercie du soing et

161 1259 1627 134 des peines qu'il a prises de sa delivrance

190 1367 1590 94 Je ne croys pas cette note car M. de Montmorency ne fut fait gd m^e qu'apres le retour

198 1415 744 75 du Roy en France. >il ny avait dautre<

171 1503 1689 123 Je ne vous puis dire autre chose de mon aize sinon ce que

172 1578 1640 158 Je suis seur que en pensés en louant dieu de la grace qu'il

174 1682 1628 150 m'a faicte et vous remertiant du travail et peine qui

171 1773 1619 160 aves prise au demeurant je ne l'airay pour le mal que

167 1869 1683 147 j'ay eu lequel est quasy guary de partir demain affin d'estre

175 1987 1677 107 au jour de jeudy au matin la ou vous seres comme

180 2070 1670 131 vous dira ce porteur parquoy faisant fin a sa lettre

186 2177 801 128 remettra le tout sur luy

1027 2289 537 93 Votre bon Maistre

1097 2371 346 108 Francois
