1963 2868
348 584 1482 101 Mon Nepveu vous ne trouveres Estrange si incessament

356 677 1426 73 je vous remertie comme incessament vous m'en donnes

353 767 1398 91 occasion car par les propos que m'a tenus ce porteur

363 854 1404 87 Je voy bien que le temps n'a point eu victoire sur vrẽ

352 936 1429 88 memoire d'en pouvoir effacer l'amour que des vrẽ

356 1018 1415 86 Enfance Je vous ay portée laquelle je vous prie

355 1096 1407 92 vouloir continuer jusques a la fin de vostre vielle

360 1174 1403 94 Mere et luy estre son Baston de viellesse comme

369 1249 1366 110 Elle a esté les verges de vostre jeunesse car vous

368 1352 1413 104 aves eu Beaucoup d'amis mais souvenes vous que

369 1443 1340 96 vous n'aves en qu'une Mere qui jamais ne

377 1521 1393 105 perdra ce nom ny l'effect en tout ce qu'elle poura

368 1610 1410 90 faire ou desirer pour vous ou les vostres et le

371 1693 1399 93 surplus des propos que vous m'aves mandes

364 1781 1366 118 Remettra la Responce au seur messager pour

374 1868 491 101 ne vous Ennuyer

922 2074 720 81 Vrẽ Bonne tante mere

901 2139 537 102 et vraye amie.

1116 2213 445 124 Margueritte
