1977 2867
530 159 1297 99 Mon nepveu vous ne trouveres estrange

544 240 1302 89 sy incesammant je vous mercie Comme

562 315 1262 92 incesammant Vous me donnés ocasion

548 401 1307 80 Car par les propos que m'a tenus ce porte^r

578 474 1247 91 je voy biẽ que le temps n'a point heu

575 547 1234 85 victoire sur Vrẽ memoire d'en pouvoir

584 614 1228 90 effacer l'amour que des vrẽ enfance

565 692 1206 88 je Vous hay portee laquelle je Vous

597 772 1209 81 prie Vouloir Continuer jusques a la

587 837 1248 89 fin de Vrẽ Vielle mere et luy estre

622 917 1198 75 son baston de Viellesse comme elle a

600 989 1206 82 esté les Verges de Vrẽ jeunesse car

616 1056 1246 90 Vous avés heu beaulcoup d'amys

586 1126 1257 87 mes souviegnés Vous q̃ Vous n'avés

610 1207 1253 83 heu q̃ Votre mere quy james ne perdra

595 1275 1249 88 Ce nom ny lessait en tout ce qu'elle

614 1350 1238 77 poura faire ou desirer po^r Vous ou les

619 1417 1240 88 Vrẽs et le surplus des propos ⁊ Vous

611 1490 1249 82 m'avés mandés >re< notra la Response

608 1565 1249 109 au seur mesaigier pour ne Vo^s ennuyer

1788 95 74 117 79

1188 1815 597 91 Vrẽ bonẽ tante

1134 1909 710 86 mere et Vraye amie

1293 1979 472 97 Margueritte
