1129 1597
105 113 831 65 d'un homme ou d'une femme par les

104 196 866 57 parties du corps humain pour connoitre

109 259 840 67 leur inclination ou leur nature ne doit pas

102 335 851 62 ſarrester a une ſeule partie, mais je doit

109 394 840 70 les Considerer toutes et chaque memb^s.

103 479 816 64 du Corps, de mesme que les astrologues

99 550 772 69 qui ne regardent pas seulement

110 620 826 79 lascendant mais chaque angle, les

125 705 817 75 planetes et les Estoilles fixes, et si

125 793 839 66 toutes ces parties conviennent ensemb.

127 873 832 74 Ce qui sera impossible, il sera facile

130 947 886 76 de juger, Mais si elles ne Conviennent

138 1036 820 65 pas ce qui arrive le plus souvent on

138 1106 851 70 doit sarrester a ce quil y a de meilleur

140 1187 837 58 et de plus aprouvé dou l'on formera

131 1263 871 70 un jugement plus assuré, et l'on poura

146 1359 782 63 en scavoir la verité par ceux avec
