1859 2856
338 253 69 59 561

322 310 481 66 4. Capitaines De quartier.

322 380 606 67 1. tresorier de La Communauté.

320 437 1362 88 1. Secretaire pour la distribution des patentes on le prend du Corps des Notaires

317 526 875 70 1. autre Secretaire pour la buletine aussj Notaire.

311 585 1379 97 3. Juges Consuls, Ils Restent En Exercice chaqu'un trois ans Et tous Les ans Il

338 669 227 73 En sort Un.

307 747 829 84 1. greffier pour la Jurisdiction Consulaire.

282 829 1400 96 16. Intendants de La Santé on En Crée huit toutes Les annees Et Restent

344 931 460 67 Deux ans En Exercice.

293 1005 661 83 1. Commissaire Des Inventaires

292 1101 566 82 3. Estimateurs D'honneurs.

295 1191 1373 87 6. Commissaires de polices qui Servent trois ans De façon que tous Les

344 1286 487 59 ans on En Cree Deux.

278 1356 524 95 4. Deputes deCommerce.

283 1444 285 76 8. Conseillers

830 1435 800 100 Composent La Chambre de Commerce

283 1513 492 100 4. Conseuls En Exercice

797 1539 835 79 Les assemblees se font tous Les Jeudis à

331 1631 1300 81 La chambre Consulaire apres midj. Cette chambre Connoit De

349 1731 1263 80 toutes Les affaires qui Regardent Le Commerce Du Levant, C'est

344 1819 1287 89 Elle qui Est chargée de payer touts Les Consuls qui y Residents

341 1916 1286 91 Et à Monseig.^r L'Ambassadeur à Constentinople ; on y tient Un

341 2008 1341 83 Etat Curieux de toutes Les marchandises, qui Viennent Du Levant

339 2102 1350 86 Et qu'on Envoit En Cour, Cette chambre percoit de gras Droits Des

346 2194 1341 82 marchandises qui Viennent du Levant, Ce droit Est apelle Cotimo

342 2292 1318 89 Et tonnelage. Elle Contribue pour Vingt Cinq mille Livres

349 2376 1321 102 tous Les ans au Curage du port, Il y a Un archivaire fixe aussj bien

352 2489 479 81 qu'a la Communauté.
