1859 2856
380 245 65 52 44

404 268 1197 76 aux Ostrogots, depuis que theodoric S'en Etoit rendu maitre, Les

379 342 948 80 françois En Eschange luy Envoyérent du secours.

363 420 1235 82 Les françois Craignans que la possesion de La provence Et de

376 495 1167 79 marseille ne leur fut Disputée, Ils en Demandérent La

373 579 1224 84 Confirmation à L'Empereur Justiniam, qui La leur accorda

374 660 1204 87 facillement, Ainsj Les françois Commencérent à posséder

374 750 1215 95 marseille, Colonie des phoceens Et de tous Les Environs De

369 833 1228 103 Cette Mer, à Double titre, L'un par la Resignation des Ostrogots,

369 923 996 89 Et L'autre par la Confirmation de L'Empereur.

730 1018 512 110 Chapitre 9.^me

458 1148 1105 118 Les Roix chidebert Et Gontrand

365 1288 1209 76 Entrerent En querelle, pour la possession de La Ville de

368 1361 1198 76 Marseille, theodore Eveque de Cette Ville Est plusieurs

357 1450 1063 76 fois persecuté par gontrand Et Ses Lieutenants.

358 1526 410 73 Ruffi li. 2. ch. 4 : ...

352 1604 1230 88 Marseille Et la provence que Les Ostrogots Donnerent

354 1685 1219 90 aux Roix françois furent partagés, La provence Et mars.^lle

349 1773 1167 81 Demeurent à theodobert seul childebert Son Oncle

341 1861 1192 90 L'agréant ainsj, Elle Etoit Encore apellée La province

368 1937 1202 100 des Romains, Marseille en Etoit La Capitalle, chidelbert

346 2040 1206 82 Et theodobert Etant decéde sans malle, La provence Et

352 2132 1191 75 marseille tomberent Sous la puissance de Clotaire,

349 2219 600 70 Comme toute La france.

355 2295 1202 85 Aprés la mort de Clotaire, la france fut Divisée pour la

349 2383 1159 103 seconde fois En quatre portions Egalles. Gontrant Roi

109 1939 243 91 duplecix. his.

117 2015 202 61 de france.

95 2287 201 75 Blond. li. I.
