1859 2817
745 201 404 205 Preface

378 502 1264 131 Rien de plus gracieux et de plus louable a un homme,

388 630 1220 99 que d'etudier et de scavoir L'histoire de sa patrie ; Celle

375 746 1236 99 de Marseille dont je me propose de donner icy

385 854 1187 81 Un abregé m'a parû trop belle et trop interessante,

377 960 1269 80 pour ne pas m'y apliquer. Divers memoires remarquables

375 1056 1241 86 que J'ay eu a ce Sujet, m'ont Engagé Insensiblement à

382 1159 1232 102 Composer ce petit Ouvrage, qui n'est proprement que

386 1264 1222 81 pour mon Usage. Il ne pretends point d'entrer dans

371 1356 1218 97 Le detail ni dans touttes Les Circonstances qui ont

396 1467 1187 87 rendu Marseille Si Celebre depuis Sa fondation

386 1582 1227 92 jeusqu'a L'etat present ; Cella seroit au della de

393 1699 1218 77 ma portée, Et meme fort inutile ; puisque des

391 1812 1228 83 mains plus Scavantes que Les miennes y ont

388 1917 1248 87 travaillé avec Succés, et y ont donné toute l'etendue

385 2028 1246 91 Et Les ornements Necessaires : je me propose Icj

383 2129 1259 91 Seulement de donner Un abregé De tout ce qui S'y Est

389 2242 1217 85 passé de plus Memorable dans les tems ou Cette

389 2352 1225 86 Ville a Eté gouvernée par differents Souverains,

386 2450 1263 104 Et Soumise aux dominations etrangeres ; L'on y Verra
