4267 5596
995.0 805.0 1346.0 230.0 L'Asne et le petit Chien.

1054.0 1168.0 1552.0 187.0 Ne forçons point nostre talent,

1038.0 1339.0 1680.0 153.0 Nous ne ferions rien avec graçe.

1069.0 1451.0 1863.0 181.0 Jamais un lourdaut, quoy qu'il fasse,

1060.0 1569.0 1714.0 206.0 Ne sçauroit passer pour galand.

659.0 1719.0 2143.0 192.0 Peu de gens que le Ciel cherit et gratifie,

699.0 1887.0 1988.0 205.0 Ont le don d'agréer infus avec la vie.

1133.0 1991.0 1912.0 247.0 C'est un poinct qu'il leur faut laisser ;

740.0 2160.0 2326.0 230.0 Et ne pas ressembler a l'Asne de la fable,

749.0 2328.0 1798.0 233.0 >qui pour se rendre plus aimable<

1160.0 2456.0 1766.0 205.0 qui pour se rendre plus aimable

765.0 2614.0 2285.0 215.0 Et plus cher a son maistre, alla le caresser.

1234.0 2785.0 1589.0 180.0 Comment, disoit il en son ame,

1198.0 2923.0 1711.0 224.0 Ce chien parce qu'il est mignon

1219.0 3093.0 1499.0 171.0 Vivra de pair a compagnon

1209.0 3208.0 1742.0 202.0 Avec Monsieur, avec Madame !

1212.0 3338.0 1699.0 224.0 Et j'auray des coups de baston !

1234.0 3472.0 1518.0 215.0 que fait il ? il donne la pate.

1188.0 3637.0 1412.0 202.0 Puis aussitost il est baisé.

777.0 3736.0 2510.0 299.0 S'il en faut faire autant afin que l'on me flate,

1290.0 3917.0 1484.0 242.0 Cela n'est pas bien mal aisé.

3492.0 676.0 47.0 252.0 1
