1931 2857
314 138 1424 121 Je vous envoye une lr̃e de

316 295 1494 89 la Reyne / quant au fait d'ossonne il

297 416 1476 107 la remettet entre nos mains et sans

287 547 1491 103 le duc / Je vous envoye un avis de

289 674 1538 102 l'ambassadeur d'escosse ou se trouve beaucoup

261 783 1555 145 d'apparance / Mon frere me donne esperance

262 934 1541 123 que prendiez la pene venir ycy ou vous

233 1047 1547 145 ferez trop mieux loge et accompro de

247 1164 1517 157 >de< queu nul autre lieu / se n'est pour

233 1314 1510 128 plaindre ma pene quy sera tres petite

257 1428 1516 124 pour vous aller voir et aveq contentemẽt

250 1554 1488 117 extreme sy s'estoit pour vous servir

226 1657 1507 126 je m'assure bien que Madame >un< ma

240 1785 1571 141 seur et vr̃e belle Compagnie sy facheront

268 1939 1450 83 moins que ailleurs / je vous baise les

271 2054 1002 93 mains et aveq permission

1609 83 45 102 43

176 2257 1597 126 Madame porcie et le tryomvirat quy

252 2360 1567 100 se promena ier sur l'eschaffaut vous supplie

231 2452 1526 97 de venir jusques a challons demeure assez

236 2536 1531 86 ordinayre de Messieurs voz pere et frere

233 2607 1586 84 c'est beaucoup de pene mais je m'assure vous y faire

230 2666 695 83 paser le tems &SH&
