1939 2857
250 221 1522 164 Monsieur, je suis encores attendãt

290 376 1448 114 la responce qu'il vous plaira me faire

316 528 1380 70 sur ce que je vous ay mandé

308 619 1446 106 par le s^r de piepape aveq un tres gran

309 711 1371 112 desir que les Choses se parachevẽt

308 823 1422 119 y estant tout resolu de mon coute

311 945 1361 104 comme je desire infiniement que

328 1063 1434 98 soyez du vr̃e / Je sejourneray en

301 1160 1472 119 ce lieu jusques a pasques et la mesme

281 1277 1488 135 semene je paetiray pour retourner

301 1407 1468 89 et voz Cartiers ou j'espere avoir

284 1518 1459 93 si bien de vous voir ce pendant

254 1625 1349 100 je vous baiseray finissant bien

290 1744 1336 127 humblemẽt les mains de paris

301 1887 674 89 ce XXVIIII Mars

1550 16 69 98 27

1588 103 61 89 46

290 2218 1429 119 Je baiseray s'il vous plait les mains

277 2333 1476 117 a Madame vr̃e femme et a Mesdemoy

274 2404 586 126 selles vos filles
