<?xml version="1.0" encoding="UTF-8"?>
<alto xmlns:xsi="http://www.w3.org/2001/XMLSchema-instance"
      xmlns="http://www.loc.gov/standards/alto/ns-v4#"
      xsi:schemaLocation="http://www.loc.gov/standards/alto/ns-v4# http://www.loc.gov/standards/alto/v4/alto-4-2.xsd">
  <Description>
    <MeasurementUnit>pixel</MeasurementUnit>
    <sourceImageInformation>
      <fileName>Recueil_de_lettres_et_de_[...]_btv1b52510705j_89.jpeg</fileName>
      
    </sourceImageInformation>
  </Description>
  
  <Tags>
    <OtherTag ID="BT8351" LABEL="DigitizationArtefactZone" DESCRIPTION="block type DigitizationArtefactZone"/><OtherTag ID="BT8350" LABEL="DecorationZone" DESCRIPTION="block type DecorationZone"/><OtherTag ID="BT8349" LABEL="DamageZone" DESCRIPTION="block type DamageZone"/><OtherTag ID="BT8362" LABEL="TitlePageZone" DESCRIPTION="block type TitlePageZone"/><OtherTag ID="BT8361" LABEL="TableZone" DESCRIPTION="block type TableZone"/><OtherTag ID="BT8360" LABEL="StampZone" DESCRIPTION="block type StampZone"/><OtherTag ID="BT8359" LABEL="SealZone" DESCRIPTION="block type SealZone"/><OtherTag ID="BT8358" LABEL="RunningTitleZone" DESCRIPTION="block type RunningTitleZone"/><OtherTag ID="BT8357" LABEL="QuireMarksZone" DESCRIPTION="block type QuireMarksZone"/><OtherTag ID="BT8356" LABEL="NumberingZone" DESCRIPTION="block type NumberingZone"/><OtherTag ID="BT8355" LABEL="MusicZone" DESCRIPTION="block type MusicZone"/><OtherTag ID="BT8354" LABEL="MarginTextZone" DESCRIPTION="block type MarginTextZone"/><OtherTag ID="BT8353" LABEL="MainZone" DESCRIPTION="block type MainZone"/><OtherTag ID="BT8352" LABEL="DropCapitalZone" DESCRIPTION="block type DropCapitalZone"/><OtherTag ID="BT4" LABEL="Illustration" DESCRIPTION="block type Illustration"/><OtherTag ID="BT3" LABEL="Commentary" DESCRIPTION="block type Commentary"/><OtherTag ID="BT2" LABEL="Main" DESCRIPTION="block type Main"/><OtherTag ID="BT1" LABEL="Title" DESCRIPTION="block type Title"/>
    <OtherTag ID="LT2865" LABEL="default" DESCRIPTION="line type default"/><OtherTag ID="LT4" LABEL="Signature" DESCRIPTION="line type Signature"/><OtherTag ID="LT2" LABEL="Numbering" DESCRIPTION="line type Numbering"/><OtherTag ID="LT2853" LABEL="InterlinearLine" DESCRIPTION="line type InterlinearLine"/><OtherTag ID="LT2852" LABEL="HeadingLine" DESCRIPTION="line type HeadingLine"/><OtherTag ID="LT3" LABEL="Correction" DESCRIPTION="line type Correction"/><OtherTag ID="LT2851" LABEL="DropCapitalLine" DESCRIPTION="line type DropCapitalLine"/><OtherTag ID="LT2850" LABEL="DefaultLine" DESCRIPTION="line type DefaultLine"/><OtherTag ID="LT1" LABEL="Main" DESCRIPTION="line type Main"/>
  </Tags>
  
  <Layout>
    <Page WIDTH="1950"
          HEIGHT="2857"
          PHYSICAL_IMG_NR="1"
          ID="eSc_dummypage_">
      <PrintSpace HPOS="0"
                  VPOS="0"
                  WIDTH="1950"
                  HEIGHT="2857">
        
        <TextBlock HPOS="58"
                   VPOS="39"
                   WIDTH="1662"
                   HEIGHT="384"
                   ID="eSc_textblock_14826cd1"
                   TAGREFS="BT8354">
          <Shape><Polygon POINTS="522 146 152 166 86 204 58 374 478 386 1399 359 1447 423 1699 327 1720 128 1635 130 1663 39 592 66"/></Shape>
          
          
          <TextLine ID="eSc_line_41067916"
                    TAGREFS="LT2850"
                    BASELINE="1637 115 565 124" 
                    HPOS="561"
                    VPOS="61"
                    WIDTH="1074"
                    HEIGHT="110">
            <Shape><Polygon POINTS="564 123 564 169 604 171 607 171 609 171 611 171 614 169 633 154 700 166 704 166 707 166 709 166 711 166 728 154 769 166 792 171 795 171 797 171 800 171 814 164 840 152 957 152 969 161 978 169 980 169 983 169 985 171 1038 171 1038 169 1090 159 1130 149 1145 157 1161 166 1164 166 1166 166 1257 154 1295 149 1311 152 1364 166 1366 166 1369 166 1426 164 1428 164 1430 164 1430 161 1442 149 1447 147 1464 149 1561 164 1564 164 1566 164 1628 147 1635 128 1635 114 1633 69 1623 61 1621 61 1619 61 1535 61 1533 61 1530 61 1528 61 1507 76 1371 61 1369 61 1366 61 1364 61 1338 80 1330 88 1264 88 1261 83 1242 66 1242 64 1240 64 1238 64 1235 64 1233 64 1183 76 1102 64 1100 64 1097 64 1011 88 1007 88 983 69 980 69 978 69 902 66 900 66 897 66 828 90 823 92 740 92 683 92 645 69 642 69 640 69 638 69 635 69 561 92 564 123"/></Shape>
	    <String CONTENT="que leurs Majestés m&#x27;écrivet &amp;"
                    HPOS="561"
                    VPOS="61"
                    WIDTH="1074"
                    HEIGHT="110"></String>
          </TextLine>

          
          
          <TextLine ID="eSc_line_25d2c0ac"
                    TAGREFS="LT2850"
                    BASELINE="1645 103 1719 107" 
                    HPOS="1640"
                    VPOS="69"
                    WIDTH="76"
                    HEIGHT="64">
            <Shape><Polygon POINTS="1642 102 1640 133 1714 133 1716 104 1714 71 1642 69 1642 102"/></Shape>
	    <String CONTENT="40."
                    HPOS="1640"
                    VPOS="69"
                    WIDTH="76"
                    HEIGHT="64"></String>
          </TextLine>

          
          
          <TextLine ID="eSc_line_0586966a"
                    TAGREFS="LT2850"
                    BASELINE="1627 202 100 233" 
                    HPOS="97"
                    VPOS="154"
                    WIDTH="1529"
                    HEIGHT="122">
            <Shape><Polygon POINTS="100 230 100 276 292 276 292 273 295 273 304 269 335 252 404 266 447 273 450 273 540 271 542 271 545 271 557 261 569 249 583 259 590 266 590 269 592 269 595 269 597 271 661 271 661 269 664 269 688 257 714 242 1004 240 1045 247 1116 259 1119 259 1200 242 1223 238 1250 240 1307 247 1309 247 1354 238 1373 233 1385 235 1419 247 1421 247 1423 247 1426 247 1428 247 1447 235 1454 230 1478 233 1535 242 1538 242 1540 242 1542 242 1554 230 1559 228 1621 228 1626 199 1623 169 1495 154 1492 154 1338 171 1278 154 1276 154 1273 154 1183 171 1164 157 1161 157 1159 157 1157 157 1154 157 1100 173 1047 159 1045 159 1042 159 976 171 883 164 880 164 878 164 847 180 845 180 819 180 602 169 600 169 597 169 595 169 595 171 583 180 540 171 538 171 457 185 430 190 419 185 385 173 383 173 380 173 378 173 333 188 319 192 302 188 266 176 264 176 261 176 97 190 100 230"/></Shape>
	    <String CONTENT="faveurs aussy bien que vous les vr̃es les lr̃es"
                    HPOS="97"
                    VPOS="154"
                    WIDTH="1529"
                    HEIGHT="122"></String>
          </TextLine>

          
          
          <TextLine ID="eSc_line_9f2a2640"
                    TAGREFS="LT2850"
                    BASELINE="1668 292 104 323" 
                    HPOS="100"
                    VPOS="252"
                    WIDTH="1566"
                    HEIGHT="119">
            <Shape><Polygon POINTS="102 321 102 357 388 352 392 352 457 371 459 371 461 371 542 352 569 369 571 369 573 369 576 369 578 369 580 369 580 366 602 347 604 347 616 347 790 364 792 364 795 364 797 364 826 342 828 342 838 342 940 361 942 361 945 361 1014 342 1059 359 1061 359 1064 359 1202 352 1204 352 1207 352 1207 349 1219 340 1407 352 1409 352 1411 352 1414 352 1442 330 1445 328 1666 326 1666 290 1659 252 1595 276 1521 261 1519 261 1516 261 1483 278 1385 266 1383 266 1271 283 1230 269 1228 269 1226 269 1138 285 1080 266 1069 261 1066 261 1064 261 988 269 938 273 935 273 933 273 907 290 809 280 807 280 645 295 609 278 607 278 604 278 602 278 545 297 526 278 521 276 521 273 519 273 516 273 514 273 433 280 340 290 307 283 276 278 273 278 271 278 250 285 216 297 188 288 169 280 166 280 164 280 100 288 102 321"/></Shape>
	    <String CONTENT="Je vous envoye pour vous tésmoygner mes"
                    HPOS="100"
                    VPOS="252"
                    WIDTH="1566"
                    HEIGHT="119"></String>
          </TextLine>

          
        </TextBlock>
        
        <TextBlock HPOS="296"
                   VPOS="342"
                   WIDTH="1488"
                   HEIGHT="2250"
                   ID="eSc_textblock_b198b669"
                   TAGREFS="BT8353">
          <Shape><Polygon POINTS="341 458 296 590 357 644 398 658 420 1646 428 2592 845 2573 916 2502 1356 2505 1392 2500 1784 2445 1783 2121 1784 2069 1694 1968 1782 408 1109 381 613 402 563 342"/></Shape>
          
          
          <TextLine ID="eSc_line_e647ea86"
                    TAGREFS="LT2850"
                    BASELINE="377 480 1535 446 1718 449" 
                    HPOS="373"
                    VPOS="397"
                    WIDTH="1343"
                    HEIGHT="110">
            <Shape><Polygon POINTS="376 478 376 507 440 495 478 504 480 504 483 504 485 504 488 504 488 502 509 483 550 483 778 492 780 492 783 492 819 476 876 488 878 488 880 488 921 473 1047 490 1050 490 1173 478 1223 488 1228 488 1230 488 1233 488 1235 488 1330 461 1480 478 1483 480 1533 480 1573 480 1573 478 1576 478 1578 478 1578 476 1592 464 1714 473 1716 447 1711 407 1452 409 1414 397 1411 397 1409 397 1407 397 1345 414 1138 409 1135 409 1133 409 1097 421 1054 407 1052 407 1050 407 1047 407 990 423 885 411 883 411 880 411 878 411 857 428 854 428 850 428 726 416 723 416 721 416 678 433 676 433 669 433 538 421 535 421 373 440 376 478"/></Shape>
	    <String CONTENT="Je ne vous avois escrit ayant tout envis à"
                    HPOS="373"
                    VPOS="397"
                    WIDTH="1343"
                    HEIGHT="110"></String>
          </TextLine>

          
          
          <TextLine ID="eSc_line_edd87950"
                    TAGREFS="LT2850"
                    BASELINE="401 584 1389 565 1710 552" 
                    HPOS="400"
                    VPOS="509"
                    WIDTH="1310"
                    HEIGHT="102">
            <Shape><Polygon POINTS="401 584 401 611 435 611 435 609 436 609 438 609 462 593 487 599 489 599 490 599 552 588 651 601 674 604 676 604 678 604 679 604 684 601 705 585 733 585 760 598 770 603 771 603 773 603 847 601 849 601 862 595 886 582 946 588 948 588 998 579 1028 588 1049 596 1051 596 1052 596 1054 596 1075 588 1100 577 1122 587 1146 595 1148 595 1149 595 1194 587 1221 593 1222 593 1224 593 1225 593 1246 582 1260 574 1303 580 1370 590 1371 590 1527 582 1529 582 1549 572 1559 568 1653 568 1656 568 1667 577 1668 577 1670 577 1672 577 1673 577 1710 566 1710 552 1707 522 1557 520 1541 509 1540 509 1538 509 1537 509 1535 509 1492 522 1484 525 1478 523 1446 509 1445 509 1443 509 1400 511 1398 511 1397 511 1376 523 1362 531 1329 523 1324 523 1322 523 1321 523 1319 523 1302 531 1287 523 1270 515 1268 515 1267 515 1265 515 1243 525 1217 534 1089 528 1087 528 924 539 884 531 882 531 755 546 701 546 671 528 666 526 665 526 663 526 638 528 544 539 501 530 498 530 497 530 400 530 401 584"/></Shape>
	    <String CONTENT="vous dire esperant vous voir se soir a"
                    HPOS="400"
                    VPOS="509"
                    WIDTH="1310"
                    HEIGHT="102"></String>
          </TextLine>

          
          
          <TextLine ID="eSc_line_ff4d4853"
                    TAGREFS="LT2850"
                    BASELINE="417 707 530 698 782 696 1303 677 1664 655" 
                    HPOS="416"
                    VPOS="622"
                    WIDTH="1248"
                    HEIGHT="112">
            <Shape><Polygon POINTS="417 707 419 734 479 715 533 725 535 725 536 725 538 725 538 723 552 711 646 709 671 722 674 723 676 723 678 723 730 722 749 717 793 707 840 712 841 712 843 712 844 712 862 701 968 704 970 704 971 704 1011 693 1049 703 1055 703 1057 703 1071 701 1132 690 1157 696 1181 703 1183 703 1184 703 1186 703 1205 693 1217 688 1241 692 1279 698 1281 698 1332 688 1352 696 1354 696 1356 696 1465 692 1467 692 1508 677 1526 672 1562 676 1630 680 1632 680 1633 680 1664 669 1664 655 1662 631 1586 622 1584 622 1529 634 1484 626 1483 626 1481 626 1459 639 1327 642 1275 623 1273 623 1271 623 1183 628 1181 628 1135 650 1044 644 1043 644 1041 644 1003 655 967 644 965 644 963 644 962 644 921 660 919 660 892 652 890 652 889 652 776 663 727 645 725 645 724 645 674 649 673 649 601 672 566 653 565 653 563 653 490 655 489 655 487 655 476 665 465 657 463 657 462 657 460 657 458 657 416 677 417 707"/></Shape>
	    <String CONTENT="Reims se sera quant il vous plaira"
                    HPOS="416"
                    VPOS="622"
                    WIDTH="1248"
                    HEIGHT="112"></String>
          </TextLine>

          
          
          <TextLine ID="eSc_line_1b9d5126"
                    TAGREFS="LT2850"
                    BASELINE="450 806 851 809 1217 799 1468 780 1745 774" 
                    HPOS="449"
                    VPOS="719"
                    WIDTH="1296"
                    HEIGHT="111">
            <Shape><Polygon POINTS="450 806 450 820 500 819 508 822 524 828 525 828 527 828 576 820 592 817 597 819 612 828 614 828 616 830 685 830 685 828 687 828 709 817 716 814 744 814 749 815 766 825 768 825 770 826 832 826 832 825 833 825 855 815 951 822 952 822 1057 809 1087 819 1089 819 1090 819 1235 817 1379 801 1394 799 1419 799 1446 799 1468 812 1470 812 1472 812 1548 796 1553 795 1618 795 1691 795 1716 803 1718 803 1719 803 1721 803 1745 792 1745 774 1740 723 1673 739 1654 726 1645 720 1643 720 1641 720 1614 719 1613 719 1514 731 1481 720 1479 720 1478 720 1273 725 1271 725 1270 725 1243 741 1162 726 1160 726 1159 726 1113 750 1079 768 968 768 955 758 952 755 951 755 949 755 948 755 946 755 944 755 941 758 921 772 822 772 806 765 800 761 798 761 797 761 795 761 793 761 789 765 776 774 722 774 712 768 706 763 705 763 703 763 701 763 700 763 698 763 689 769 678 776 668 771 657 765 655 765 654 765 592 774 565 777 557 776 520 761 519 761 517 761 516 761 449 779 450 806"/></Shape>
	    <String CONTENT="et que la santé de Mademoyselle ṽre"
                    HPOS="449"
                    VPOS="719"
                    WIDTH="1296"
                    HEIGHT="111"></String>
          </TextLine>

          
          
          <TextLine ID="eSc_line_deab533d"
                    TAGREFS="LT2850"
                    BASELINE="428 933 1144 920 1500 895 1735 888" 
                    HPOS="427"
                    VPOS="841"
                    WIDTH="1308"
                    HEIGHT="117">
            <Shape><Polygon POINTS="428 953 487 947 543 952 617 958 619 958 620 958 647 949 668 941 698 945 744 955 746 955 862 952 863 952 865 952 881 939 886 936 990 936 994 936 1043 945 1044 945 1046 945 1087 933 1094 931 1106 931 1184 939 1186 939 1187 939 1206 928 1208 928 1211 928 1270 941 1271 941 1273 941 1306 925 1308 925 1313 925 1367 930 1368 930 1370 930 1389 922 1402 917 1430 920 1464 925 1465 925 1467 925 1484 919 1499 914 1518 917 1535 920 1537 920 1538 920 1540 920 1545 917 1553 911 1735 909 1735 888 1734 858 1705 842 1703 842 1702 842 1664 849 1651 841 1649 841 1648 841 1646 841 1597 849 1554 842 1553 842 1551 842 1549 842 1540 850 1327 849 1325 849 1324 849 1322 849 1302 865 1283 879 1078 884 1041 872 1040 872 1038 872 1036 872 1008 885 944 880 943 880 759 893 709 874 705 872 703 872 701 872 700 872 692 874 620 895 558 879 557 879 555 879 519 887 506 877 504 876 503 876 501 876 500 876 498 876 497 876 495 877 470 892 427 879 428 933 428 953"/></Shape>
	    <String CONTENT="fille Et commodité de Madame ma"
                    HPOS="427"
                    VPOS="841"
                    WIDTH="1308"
                    HEIGHT="117"></String>
          </TextLine>

          
          
          <TextLine ID="eSc_line_777c8525"
                    TAGREFS="LT2850"
                    BASELINE="438 1058 563 1053 857 1060 1179 1042 1713 1033" 
                    HPOS="436"
                    VPOS="976"
                    WIDTH="1277"
                    HEIGHT="109">
            <Shape><Polygon POINTS="438 1058 439 1085 473 1069 601 1068 651 1079 679 1085 681 1085 682 1085 701 1077 728 1066 751 1066 765 1076 779 1085 781 1085 782 1085 784 1085 895 1071 914 1069 917 1071 936 1079 938 1079 940 1079 1017 1068 1019 1068 1033 1077 1035 1077 1036 1077 1038 1077 1040 1077 1078 1066 1105 1058 1130 1058 1140 1063 1162 1079 1163 1079 1165 1079 1167 1079 1343 1076 1344 1076 1364 1066 1402 1074 1403 1074 1405 1074 1406 1074 1435 1055 1437 1053 1440 1055 1489 1069 1491 1069 1492 1069 1494 1069 1495 1069 1516 1053 1603 1057 1605 1057 1607 1057 1622 1049 1659 1066 1660 1066 1662 1066 1664 1066 1713 1045 1713 1033 1710 993 1633 992 1632 992 1630 992 1622 995 1583 1009 1564 995 1560 993 1559 993 1557 993 1503 985 1502 985 1500 985 1484 993 1451 976 1449 976 1448 976 1341 977 1278 980 1276 980 1275 980 1246 1003 1243 1004 1238 1003 1206 988 1205 988 1203 988 1202 988 1162 1004 1144 1011 1098 1006 1033 998 1032 998 1030 998 1009 1007 976 1023 719 1026 695 1014 689 1011 687 1011 685 1011 665 1014 598 1030 565 1017 528 1003 527 1003 525 1003 436 1018 438 1058"/></Shape>
	    <String CONTENT="seur le permetteront. J&#x27;ay eu les"
                    HPOS="436"
                    VPOS="976"
                    WIDTH="1277"
                    HEIGHT="109"></String>
          </TextLine>

          
          
          <TextLine ID="eSc_line_d53fdfd8"
                    TAGREFS="LT2850"
                    BASELINE="430 1163 1106 1158 1687 1144" 
                    HPOS="428"
                    VPOS="1101"
                    WIDTH="1259"
                    HEIGHT="86">
            <Shape><Polygon POINTS="430 1163 430 1174 525 1182 527 1182 568 1174 581 1172 585 1174 608 1184 609 1184 611 1184 612 1184 644 1174 658 1171 720 1171 727 1174 736 1180 738 1180 739 1180 741 1180 743 1180 760 1174 773 1169 862 1169 870 1174 887 1185 889 1185 890 1185 892 1187 976 1187 976 1185 978 1185 979 1185 997 1172 1008 1166 1038 1172 1084 1184 1086 1184 1189 1182 1190 1182 1192 1182 1203 1172 1216 1163 1252 1172 1283 1180 1284 1180 1286 1180 1287 1180 1311 1172 1321 1169 1344 1172 1373 1176 1375 1176 1376 1176 1383 1172 1403 1161 1422 1172 1433 1177 1435 1177 1437 1179 1511 1179 1511 1177 1513 1177 1514 1177 1514 1176 1519 1172 1529 1165 1551 1171 1553 1171 1554 1171 1556 1171 1584 1160 1597 1168 1599 1168 1600 1168 1602 1168 1653 1160 1684 1171 1687 1144 1683 1106 1573 1115 1554 1107 1537 1101 1535 1101 1533 1101 1532 1101 1502 1109 1476 1115 1456 1111 1446 1107 1445 1107 1443 1107 1441 1107 1440 1107 1437 1111 1429 1117 1406 1111 1397 1109 1395 1109 1394 1109 1392 1109 1383 1112 1357 1118 1238 1115 1192 1114 1190 1114 1189 1114 1187 1114 1186 1115 1176 1122 1113 1117 973 1107 971 1107 897 1111 895 1111 894 1111 876 1123 873 1125 857 1123 805 1115 803 1115 801 1115 765 1125 751 1128 736 1125 670 1112 668 1112 666 1112 636 1122 555 1114 554 1114 490 1128 474 1115 473 1115 471 1115 470 1115 468 1115 428 1130 430 1163"/></Shape>
	    <String CONTENT="mesmes nouvelles qu&#x27;il vous plait"
                    HPOS="428"
                    VPOS="1101"
                    WIDTH="1259"
                    HEIGHT="86"></String>
          </TextLine>

          
          
          <TextLine ID="eSc_line_555595c9"
                    TAGREFS="LT2850"
                    BASELINE="427 1277 1616 1263" 
                    HPOS="425"
                    VPOS="1215"
                    WIDTH="1191"
                    HEIGHT="88">
            <Shape><Polygon POINTS="427 1277 427 1290 484 1287 495 1291 524 1303 525 1303 527 1303 528 1303 552 1290 560 1285 601 1285 625 1288 689 1301 690 1301 757 1290 784 1295 786 1295 787 1295 814 1285 825 1282 830 1285 847 1298 849 1298 851 1298 852 1299 954 1299 954 1298 1043 1282 1057 1279 1202 1279 1205 1279 1232 1291 1233 1291 1235 1291 1237 1291 1271 1280 1333 1290 1335 1290 1337 1290 1338 1290 1359 1277 1360 1277 1432 1291 1433 1291 1516 1274 1521 1274 1524 1274 1565 1290 1567 1290 1568 1290 1570 1290 1616 1272 1616 1263 1613 1228 1497 1215 1495 1215 1494 1215 1492 1215 1492 1217 1478 1230 1476 1230 1475 1230 1464 1220 1462 1220 1460 1220 1459 1220 1457 1220 1425 1230 1424 1230 1387 1220 1386 1220 1384 1220 1383 1220 1362 1231 1357 1233 1344 1231 1305 1225 1303 1225 1302 1225 1300 1225 1291 1233 1287 1234 1284 1233 1276 1228 1275 1228 1273 1228 1192 1233 1152 1236 1148 1234 1130 1222 1129 1222 1127 1222 1090 1220 1089 1220 1087 1220 1086 1220 1073 1231 1040 1222 1038 1222 1036 1222 1035 1222 986 1234 954 1222 952 1222 951 1222 833 1239 827 1239 825 1239 792 1225 790 1225 720 1225 719 1225 717 1225 681 1239 624 1231 622 1231 549 1242 541 1244 539 1244 519 1228 517 1228 516 1228 481 1228 479 1228 477 1228 425 1242 427 1277"/></Shape>
	    <String CONTENT="me mander de paris synon que"
                    HPOS="425"
                    VPOS="1215"
                    WIDTH="1191"
                    HEIGHT="88"></String>
          </TextLine>

          
          
          <TextLine ID="eSc_line_f4936a9e"
                    TAGREFS="LT2850"
                    BASELINE="436 1404 1321 1390 1667 1389" 
                    HPOS="433"
                    VPOS="1316"
                    WIDTH="1233"
                    HEIGHT="124">
            <Shape><Polygon POINTS="435 1402 435 1416 602 1440 604 1440 607 1440 657 1418 676 1411 788 1411 802 1418 819 1430 821 1430 823 1430 826 1430 828 1430 850 1421 892 1435 895 1435 897 1435 900 1435 952 1421 990 1409 1002 1421 1004 1421 1007 1421 1009 1421 1011 1421 1014 1421 1038 1407 1080 1409 1097 1421 1102 1426 1104 1426 1107 1426 1109 1426 1111 1426 1114 1426 1114 1423 1119 1421 1135 1404 1164 1404 1183 1421 1190 1428 1190 1430 1192 1430 1195 1430 1197 1433 1245 1433 1245 1430 1247 1430 1269 1423 1319 1402 1404 1402 1423 1416 1423 1418 1426 1418 1428 1418 1430 1418 1433 1418 1483 1399 1528 1421 1530 1421 1533 1421 1535 1421 1538 1421 1550 1411 1664 1423 1666 1388 1657 1316 1619 1342 1550 1330 1547 1330 1478 1342 1428 1328 1426 1328 1423 1328 1421 1328 1419 1328 1400 1345 1376 1326 1361 1316 1359 1316 1357 1316 1288 1316 1285 1316 1283 1316 1280 1316 1259 1330 1235 1347 1133 1347 1107 1338 1071 1321 1069 1321 945 1321 942 1321 940 1321 938 1321 907 1345 904 1345 897 1345 788 1323 785 1323 783 1323 780 1323 752 1349 745 1354 726 1349 685 1342 683 1342 566 1352 497 1335 495 1335 492 1335 490 1335 433 1357 435 1402"/></Shape>
	    <String CONTENT="l&#x27;esvesque de challons est icy et"
                    HPOS="433"
                    VPOS="1316"
                    WIDTH="1233"
                    HEIGHT="124"></String>
          </TextLine>

          
          
          <TextLine ID="eSc_line_1bd015ce"
                    TAGREFS="LT2850"
                    BASELINE="433 1523 766 1530 1667 1509" 
                    HPOS="431"
                    VPOS="1447"
                    WIDTH="1236"
                    HEIGHT="108">
            <Shape><Polygon POINTS="433 1523 433 1555 524 1538 643 1538 670 1550 678 1553 679 1553 681 1553 682 1553 693 1549 724 1538 749 1547 754 1549 755 1549 757 1549 759 1549 763 1547 787 1536 808 1545 817 1550 819 1550 820 1550 822 1550 824 1550 830 1545 835 1542 846 1544 867 1549 868 1549 870 1549 871 1549 879 1544 895 1534 930 1542 963 1549 965 1549 1044 1539 1111 1530 1127 1536 1148 1544 1149 1544 1151 1545 1230 1545 1230 1544 1232 1544 1260 1531 1273 1526 1286 1531 1317 1542 1319 1542 1321 1542 1322 1542 1354 1528 1360 1526 1378 1528 1429 1534 1430 1534 1535 1525 1567 1538 1568 1538 1570 1538 1665 1518 1667 1509 1664 1455 1637 1450 1635 1450 1633 1450 1624 1455 1594 1469 1533 1457 1532 1457 1530 1457 1487 1477 1424 1463 1422 1463 1316 1480 1156 1476 1154 1476 1152 1476 1122 1484 1078 1458 1057 1447 1055 1447 1054 1447 822 1452 820 1452 803 1461 749 1488 684 1479 682 1479 681 1479 657 1490 571 1463 551 1457 549 1457 547 1457 546 1457 533 1463 509 1476 431 1465 433 1523"/></Shape>
	    <String CONTENT="ny a esté je vous en envoye"
                    HPOS="431"
                    VPOS="1447"
                    WIDTH="1236"
                    HEIGHT="108"></String>
          </TextLine>

          
          
          <TextLine ID="eSc_line_a14843c6"
                    TAGREFS="LT2850"
                    BASELINE="430 1645 1097 1630 1699 1598" 
                    HPOS="427"
                    VPOS="1538"
                    WIDTH="1272"
                    HEIGHT="134">
            <Shape><Polygon POINTS="430 1645 430 1664 457 1672 458 1672 460 1672 462 1672 463 1672 477 1663 484 1658 524 1657 541 1660 579 1671 581 1671 582 1671 819 1664 820 1664 859 1647 867 1642 948 1641 976 1642 1082 1652 1084 1652 1143 1641 1173 1649 1175 1649 1176 1649 1178 1649 1214 1638 1240 1645 1241 1645 1243 1645 1244 1645 1246 1645 1262 1634 1333 1645 1335 1645 1337 1645 1338 1645 1368 1626 1370 1626 1379 1626 1591 1631 1592 1631 1594 1631 1627 1615 1699 1612 1699 1598 1694 1558 1581 1538 1580 1538 1578 1538 1576 1538 1537 1563 1518 1574 1387 1572 1381 1569 1373 1563 1371 1563 1370 1563 1368 1563 1337 1571 1325 1572 1321 1571 1267 1549 1265 1549 1264 1549 1210 1552 1208 1552 1184 1565 1143 1553 1141 1553 1140 1553 1138 1553 1136 1553 1098 1579 1079 1590 979 1590 968 1584 959 1579 957 1579 955 1579 925 1585 863 1599 728 1603 706 1593 668 1576 666 1576 627 1572 625 1572 624 1572 622 1572 609 1582 466 1579 465 1579 463 1579 427 1598 430 1645"/></Shape>
	    <String CONTENT="de deux sortes d&#x27;allemagne / l&#x27;une"
                    HPOS="427"
                    VPOS="1538"
                    WIDTH="1272"
                    HEIGHT="134"></String>
          </TextLine>

          
          
          <TextLine ID="eSc_line_1282a0a5"
                    TAGREFS="LT2850"
                    BASELINE="431 1779 595 1774 771 1758 1340 1745 1670 1726" 
                    HPOS="430"
                    VPOS="1676"
                    WIDTH="1240"
                    HEIGHT="123">
            <Shape><Polygon POINTS="1665 1677 1627 1688 1583 1680 1572 1679 1570 1679 1568 1679 1564 1680 1545 1691 1526 1682 1510 1676 1508 1676 1506 1676 1432 1679 1430 1679 1406 1687 1356 1706 1157 1711 1133 1698 1124 1691 1122 1691 1121 1691 1090 1690 1089 1690 949 1695 897 1707 870 1714 857 1709 840 1703 838 1703 836 1703 835 1703 819 1711 801 1720 717 1728 665 1728 641 1717 635 1715 633 1715 632 1715 630 1715 622 1718 595 1731 530 1733 508 1723 484 1712 482 1712 481 1712 479 1712 477 1712 462 1725 450 1733 430 1726 431 1779 433 1799 477 1788 512 1796 517 1796 519 1796 520 1796 522 1796 522 1795 533 1785 560 1793 563 1795 565 1795 566 1795 654 1790 655 1790 658 1788 687 1774 749 1772 867 1779 930 1782 932 1782 1008 1772 1043 1768 1054 1769 1082 1776 1084 1776 1086 1776 1103 1768 1119 1760 1136 1766 1156 1772 1157 1772 1159 1772 1251 1769 1252 1769 1283 1758 1298 1753 1316 1757 1357 1766 1359 1766 1425 1764 1427 1764 1429 1764 1445 1750 1448 1749 1459 1750 1503 1757 1505 1757 1506 1757 1529 1747 1529 1745 1668 1739 1670 1726 1665 1677"/></Shape>
	    <String CONTENT="est d&#x27;un truchement quy est a moy"
                    HPOS="430"
                    VPOS="1676"
                    WIDTH="1240"
                    HEIGHT="123"></String>
          </TextLine>

          
          
          <TextLine ID="eSc_line_504625cd"
                    TAGREFS="LT2850"
                    BASELINE="435 1890 1664 1860" 
                    HPOS="433"
                    VPOS="1811"
                    WIDTH="1231"
                    HEIGHT="101">
            <Shape><Polygon POINTS="435 1890 435 1901 481 1899 485 1903 504 1912 506 1912 508 1912 509 1912 549 1901 565 1895 684 1895 690 1898 709 1907 711 1907 712 1907 714 1907 716 1907 733 1896 736 1893 781 1891 786 1895 800 1906 801 1906 803 1906 805 1906 881 1904 882 1904 906 1891 914 1888 927 1891 965 1901 967 1901 968 1901 1019 1888 1036 1885 1046 1888 1071 1899 1073 1899 1075 1899 1076 1899 1078 1899 1095 1887 1102 1884 1129 1887 1210 1896 1211 1896 1257 1888 1319 1893 1321 1893 1322 1893 1341 1884 1371 1891 1373 1891 1375 1891 1376 1891 1416 1879 1430 1876 1462 1879 1557 1887 1559 1887 1560 1887 1595 1876 1610 1871 1662 1872 1664 1860 1657 1812 1632 1818 1624 1812 1621 1811 1619 1811 1618 1811 1616 1811 1614 1811 1608 1814 1589 1823 1556 1815 1533 1811 1532 1811 1530 1811 1529 1811 1519 1817 1497 1831 1464 1818 1448 1814 1446 1814 1445 1814 1364 1815 1362 1815 1327 1823 1271 1839 1179 1839 1162 1830 1149 1823 1148 1823 1146 1823 1073 1828 1071 1828 1060 1834 1048 1841 1016 1836 978 1830 976 1830 975 1830 949 1838 927 1845 892 1841 840 1833 838 1833 836 1833 816 1844 803 1850 754 1850 743 1845 719 1836 717 1836 716 1836 714 1836 689 1849 681 1852 666 1849 643 1844 641 1844 609 1850 598 1853 593 1852 557 1836 555 1836 498 1836 497 1836 495 1836 433 1857 435 1890"/></Shape>
	    <String CONTENT="que j&#x27;y ay envoyé / l&#x27;autre d&#x27;un"
                    HPOS="433"
                    VPOS="1811"
                    WIDTH="1231"
                    HEIGHT="101"></String>
          </TextLine>

          
          
          <TextLine ID="eSc_line_13ee1693"
                    TAGREFS="LT2850"
                    BASELINE="428 2009 846 2007 1100 1993 1667 1980" 
                    HPOS="427"
                    VPOS="1925"
                    WIDTH="1240"
                    HEIGHT="114">
            <Shape><Polygon POINTS="428 2009 428 2039 525 2036 527 2036 584 2015 644 2033 655 2036 657 2036 658 2036 743 2030 795 2025 811 2026 852 2031 854 2031 892 2023 952 2009 971 2020 979 2025 981 2025 982 2025 984 2025 1006 2023 1008 2023 1021 2018 1049 2006 1084 2006 1106 2014 1132 2025 1133 2025 1135 2025 1136 2025 1181 2012 1211 2003 1241 2009 1271 2015 1273 2015 1275 2015 1276 2015 1286 2007 1289 2006 1300 2007 1348 2012 1349 2012 1351 2012 1352 2012 1365 2004 1375 1999 1411 1999 1422 2003 1478 2017 1479 2017 1481 2017 1483 2017 1484 2017 1510 1998 1513 1996 1516 1998 1527 2004 1529 2004 1530 2004 1599 1995 1603 1995 1619 2003 1621 2003 1622 2003 1667 1991 1667 1980 1662 1925 1572 1936 1481 1931 1445 1930 1443 1930 1441 1930 1440 1930 1437 1933 1410 1955 1343 1939 1341 1939 1241 1947 1214 1941 1187 1936 1186 1936 1184 1936 1183 1936 1175 1942 1167 1950 1105 1955 1043 1949 1030 1947 1028 1947 1027 1947 1024 1949 990 1968 919 1968 895 1953 890 1950 889 1950 887 1950 886 1950 884 1950 882 1950 878 1955 855 1971 736 1971 701 1961 700 1961 698 1961 697 1961 671 1972 622 1964 620 1964 619 1964 617 1964 584 1974 557 1966 530 1960 528 1960 527 1960 427 1971 428 2009"/></Shape>
	    <String CONTENT="amy quy est parmy leurs deputés"
                    HPOS="427"
                    VPOS="1925"
                    WIDTH="1240"
                    HEIGHT="114"></String>
          </TextLine>

          
          
          <TextLine ID="eSc_line_cc09b26c"
                    TAGREFS="LT2850"
                    BASELINE="428 2131 908 2125 1551 2091 1775 2095" 
                    HPOS="427"
                    VPOS="2039"
                    WIDTH="1348"
                    HEIGHT="119">
            <Shape><Polygon POINTS="428 2131 428 2158 512 2158 514 2158 519 2157 568 2137 619 2137 649 2150 655 2153 657 2153 658 2153 660 2153 673 2150 727 2134 774 2145 792 2149 793 2149 857 2145 859 2145 860 2145 867 2141 882 2131 914 2139 936 2144 938 2144 940 2144 941 2144 948 2137 957 2130 968 2136 970 2136 971 2136 973 2136 997 2126 1016 2134 1024 2137 1025 2137 1027 2137 1028 2137 1043 2133 1086 2122 1124 2130 1152 2136 1154 2136 1214 2133 1216 2133 1237 2125 1264 2115 1333 2120 1408 2126 1410 2126 1411 2126 1413 2126 1425 2117 1432 2112 1448 2115 1456 2117 1457 2117 1459 2117 1467 2115 1494 2106 1595 2104 1605 2109 1629 2120 1630 2120 1632 2120 1633 2120 1684 2106 1751 2112 1753 2112 1754 2112 1775 2101 1775 2095 1772 2047 1749 2039 1748 2039 1746 2039 1614 2042 1427 2063 1418 2063 1414 2063 1370 2053 1368 2053 1367 2053 1365 2053 1348 2066 1335 2074 1289 2074 1273 2069 1252 2061 1251 2061 1249 2061 1178 2066 1176 2066 1162 2074 1149 2080 1090 2080 1082 2077 1068 2069 1067 2069 1065 2069 1014 2079 994 2084 984 2080 970 2076 968 2076 967 2076 908 2084 874 2088 857 2085 808 2077 806 2077 805 2077 803 2077 784 2088 778 2093 735 2093 730 2091 697 2076 695 2076 693 2076 587 2093 506 2080 504 2080 503 2080 427 2103 428 2131"/></Shape>
	    <String CONTENT="que je ne vous puis nommer que"
                    HPOS="427"
                    VPOS="2039"
                    WIDTH="1348"
                    HEIGHT="119"></String>
          </TextLine>

          
          
          <TextLine ID="eSc_line_a6ddee0f"
                    TAGREFS="LT2850"
                    BASELINE="425 2249 771 2236 1213 2233 1472 2211 1737 2201" 
                    HPOS="423"
                    VPOS="2145"
                    WIDTH="1314"
                    HEIGHT="124">
            <Shape><Polygon POINTS="425 2249 425 2258 498 2269 500 2269 501 2269 503 2269 525 2255 530 2252 587 2252 592 2253 619 2266 620 2266 622 2266 624 2266 625 2266 649 2252 654 2249 695 2249 698 2250 727 2263 728 2263 730 2263 732 2263 762 2249 763 2247 765 2247 782 2255 784 2255 786 2255 787 2255 803 2247 808 2244 882 2242 887 2244 921 2257 922 2257 924 2257 986 2255 987 2255 1014 2242 1065 2252 1067 2252 1240 2247 1433 2226 1451 2225 1460 2225 1594 2236 1595 2236 1597 2236 1664 2218 1667 2217 1735 2215 1737 2201 1732 2149 1654 2145 1653 2145 1651 2145 1649 2145 1638 2153 1603 2172 1518 2163 1516 2163 1514 2163 1454 2179 1406 2164 1387 2160 1386 2160 1384 2160 1383 2160 1364 2168 1306 2190 1222 2184 1221 2184 1219 2184 1217 2184 1200 2195 1105 2196 1082 2185 1081 2185 1079 2185 1078 2185 1019 2199 967 2188 933 2182 932 2182 930 2182 916 2187 887 2169 886 2169 884 2169 882 2169 719 2174 717 2174 646 2206 633 2212 574 2212 565 2211 487 2188 485 2188 484 2188 482 2188 481 2188 444 2217 443 2218 423 2218 425 2249"/></Shape>
	    <String CONTENT="de bouche et le remettant a cette"
                    HPOS="423"
                    VPOS="2145"
                    WIDTH="1314"
                    HEIGHT="124"></String>
          </TextLine>

          
          
          <TextLine ID="eSc_line_1b032dd2"
                    TAGREFS="LT2850"
                    BASELINE="427 2372 868 2360 1186 2334 1554 2320 1776 2299" 
                    HPOS="423"
                    VPOS="2253"
                    WIDTH="1353"
                    HEIGHT="140">
            <Shape><Polygon POINTS="427 2372 427 2388 490 2393 492 2393 493 2393 512 2385 527 2379 552 2382 582 2387 584 2387 639 2377 647 2377 660 2377 779 2379 781 2379 782 2379 806 2369 819 2364 830 2368 846 2372 847 2372 849 2372 851 2372 874 2366 890 2361 914 2363 976 2369 978 2369 1049 2357 1067 2364 1068 2364 1070 2364 1071 2364 1117 2352 1129 2350 1165 2350 1329 2352 1330 2352 1418 2336 1435 2334 1462 2334 1624 2337 1626 2337 1627 2337 1659 2323 1662 2322 1776 2317 1776 2299 1773 2257 1716 2253 1714 2253 1713 2253 1711 2253 1702 2260 1676 2274 1614 2264 1587 2260 1586 2260 1584 2260 1560 2266 1518 2279 1505 2272 1503 2272 1502 2272 1500 2272 1499 2272 1483 2285 1395 2287 1371 2276 1359 2271 1357 2271 1356 2271 1294 2274 1292 2274 1291 2274 1281 2280 1256 2296 1152 2299 1109 2291 1108 2291 1106 2291 1105 2291 1087 2304 1044 2304 990 2295 975 2293 973 2293 971 2293 970 2293 965 2296 948 2309 903 2303 901 2303 900 2303 868 2314 830 2304 808 2298 806 2298 805 2298 717 2303 716 2303 700 2310 682 2318 657 2312 651 2310 649 2310 647 2310 646 2310 635 2314 605 2322 587 2315 576 2312 574 2312 573 2312 423 2323 427 2372"/></Shape>
	    <String CONTENT="heure la je vous baise les mains"
                    HPOS="423"
                    VPOS="2253"
                    WIDTH="1353"
                    HEIGHT="140"></String>
          </TextLine>

          
          
          <TextLine ID="eSc_line_41fdec6e"
                    TAGREFS="LT2850"
                    BASELINE="506 2471 728 2469 1202 2445 1462 2425 1764 2415" 
                    HPOS="504"
                    VPOS="2369"
                    WIDTH="1260"
                    HEIGHT="124">
            <Shape><Polygon POINTS="506 2493 565 2493 565 2491 566 2491 568 2491 568 2490 570 2488 581 2480 624 2487 643 2488 644 2488 663 2484 700 2476 728 2480 746 2484 747 2484 886 2477 887 2477 889 2477 895 2472 903 2468 909 2472 914 2476 916 2476 917 2476 919 2476 921 2476 941 2471 960 2466 995 2468 1035 2469 1036 2469 1038 2469 1049 2464 1062 2460 1092 2463 1125 2466 1127 2466 1129 2466 1149 2460 1171 2453 1203 2457 1230 2460 1232 2460 1257 2455 1281 2449 1295 2452 1311 2457 1313 2457 1314 2457 1352 2450 1383 2444 1391 2447 1400 2452 1402 2452 1403 2452 1405 2452 1422 2445 1440 2441 1486 2442 1516 2444 1518 2444 1549 2439 1586 2434 1594 2437 1608 2444 1610 2444 1611 2444 1657 2434 1681 2430 1764 2430 1764 2415 1759 2369 1678 2372 1676 2372 1675 2372 1600 2396 1511 2380 1505 2380 1503 2380 1332 2388 1330 2388 1325 2390 1279 2406 1243 2395 1238 2393 1237 2393 1235 2393 1233 2393 1232 2393 1230 2395 1211 2412 1159 2417 1100 2401 1094 2399 1092 2399 1090 2399 1071 2403 951 2426 911 2422 909 2422 841 2431 793 2418 792 2418 790 2418 789 2418 743 2437 685 2437 654 2426 652 2426 651 2426 649 2426 647 2426 647 2428 632 2442 571 2444 504 2431 506 2471 506 2493"/></Shape>
	    <String CONTENT="et a vr̃e bonne compagnie bien"
                    HPOS="504"
                    VPOS="2369"
                    WIDTH="1260"
                    HEIGHT="124"></String>
          </TextLine>

          
          
          <TextLine ID="eSc_line_8d1882ad"
                    TAGREFS="LT2850"
                    BASELINE="431 2564 859 2560" 
                    HPOS="430"
                    VPOS="2509"
                    WIDTH="429"
                    HEIGHT="81">
            <Shape><Polygon POINTS="431 2564 431 2590 470 2590 470 2588 471 2588 473 2588 473 2587 485 2574 514 2588 516 2588 517 2588 519 2588 520 2588 522 2588 566 2574 620 2587 622 2587 624 2587 625 2587 657 2571 732 2577 733 2577 735 2577 736 2577 736 2576 744 2569 857 2583 859 2560 855 2512 755 2509 754 2509 752 2509 751 2509 743 2515 733 2522 647 2522 627 2518 587 2510 585 2510 584 2510 582 2510 571 2520 566 2525 512 2525 504 2522 468 2512 466 2512 465 2512 463 2512 462 2512 462 2514 450 2523 450 2525 430 2525 431 2564"/></Shape>
	    <String CONTENT="humblement"
                    HPOS="430"
                    VPOS="2509"
                    WIDTH="429"
                    HEIGHT="81"></String>
          </TextLine>

          
        </TextBlock>
        
        <TextBlock HPOS="1133"
                   VPOS="2448"
                   WIDTH="187"
                   HEIGHT="177"
                   ID="eSc_textblock_1f24a8e1"
                   TAGREFS="BT8360">
          <Shape><Polygon POINTS="1160 2464 1133 2542 1170 2622 1255 2625 1307 2601 1320 2540 1300 2457 1231 2448"/></Shape>
          
        </TextBlock>
        
        <TextBlock HPOS="1659"
                   VPOS="72"
                   WIDTH="59"
                   HEIGHT="52"
                   ID="eSc_textblock_43926edf"
                   TAGREFS="BT8356">
          <Shape><Polygon POINTS="1659 72 1659 124 1718 124 1718 72"/></Shape>
          
        </TextBlock>
        

        
      </PrintSpace>
    </Page>
  </Layout>
</alto>
