1950 2857
316 136 1491 137 Monsieur Je ne vous saurois assez remercyer

328 261 1364 94 de la souvenance qu'il vous a pleu

323 366 1471 89 avoir de nous tout  nr̃e petit menasge

233 449 1464 150 se porte fort bien Dieu merci

269 571 1449 116 je n'oserois dire de peur que l'on se

276 703 1435 90 moque de moy que je m'y amuze quelque

290 826 1410 100 fois mais ce n'est que quant il pleut je

222 931 1453 94 voudroys vous le pouvoir montrer et sy

281 1041 1475 82 a vr̃e retour des bains vous estes de

274 1155 1525 76 loisir je vous supplierois voulontiers me

250 1236 1518 90 faire ce bien de passer par noz Cartiers

208 1336 1524 103 Vous, vous destournez mais pour le plus

252 1416 1521 141 sest  de >vn< vintecinq lieux et ne sauriez

254 1542 1538 102 prendre pene pour personne du monde plus

274 1645 1498 108 une servyteur que moy quy aveq ceste

154 1757 1469 135 voulonté vous baise les mains

1642 69 53 66 37

742 2416 1065 107 vr̃e bien humble et obeissãt

890 2490 576 112 frere et serviteur

1219 2523 604 169 Henry de Lorraine
