1365 2021
211 225 848 107 Bibliographie des Travaux

604 345 77 46 de

368 387 525 85 M^r M. Schwab.

620 77 38 44 1.

599 570 132 56 1860.

123 616 969 62 1. De la Ponctuation hébraïque - La Vérité israélite, III, pp. 320-327.

126 660 1009 56 2. Haphtarah de la Section de Wayigasch. La fraternité des peuples (Ezechiel,

167 706 525 48 XXXVII, 15-28. - Ibid. III, pp. 352-355.

125 734 1035 65 3. Haphtarah de Vaychi. Le Testament. L'Immortalité (I Rois, 1-12 - Ibid, III

174 785 179 54 pp. 370-374.

125 816 1035 63 4. Haphtarah du Sabbat-néoménie. La mission prophétique (Isaïe, LXV1, 1-24).

167 862 307 56 Ibid., III, pp. 422-425.

602 891 123 51 1861.

129 928 1039 62 5. La Philosophie de Maïmonide - Revue orientale et américaine, VI (1861) pp. 132-144

249 974 920 58 [Au sujet de la traduction du "Guide des égarés" de Maïmonide par S. Munck.-

216 1013 954 55 Tiré à part : Extrait N^o 32 de la Revue orientale et américaine .- Paris, Challand,

219 1065 234 48 1861, in-8^o., 12p.].

131 1096 795 60 6. La Géographie, selon le Talmud - Ibid. VII (1861), pp. 161-164.

257 1140 641 53 [A propos du Sepher Dilré Ioseph, de M. I. Schwartz.]

133 1174 1036 63 7. Haphtaroth de Vaera et de Boh (Ezechiel, XXVIII, 25 et 26 - XXIX, 21. Jérémie, XLIV,

183 1222 487 51 13-28. - La Vérité israélite, IV, pp. 16-19.

138 1258 1032 57 8. *De l'histoire juive au moyen âge. Les Juifs en France, en Espagne et en

182 1296 974 59 Italie, par I. Bedarride. Deuxième édition. - Ibid., IV, pp. 85-91.- Signés :

184 1346 173 40 M. Schawab.

141 1370 1006 66 9. Poésies juives du moyen-âge. - Ibid, IV, pp. 254-258, 328-331 et 394-403.

256 1418 902 56 [Traduction d'oeuvres de R. Isaac Ibn-Djiat, R. Abraham Ibn Ezra

232 1456 500 57 et R. Iehouda ben Samuel Halévi.]

134 1492 1044 64 10. * Dictonnaire hébreu-français, par MM. Sander et Trénel.- Ibid, IV. pp

186 1546 124 41 303-306.

134 1578 600 53 11. Simon le Juste.- Ibid., IV, pp. 350-356.

137 1611 1016 60 12. Poésies juives du moyen-âge. Hymne de R. Iehondah ben Samuel Halévi

255 1659 533 53 [traduit par M. I.].- Ibid., V. pp. 39-42.

139 1699 636 50 13. Simon Ben-Schetach.- Ibid., V, pp. 65-72.

139 1731 923 67 14. Poésies juives du moyen-âge. Fragments poétiques d'Ibn. Gebirol.

168 1802 335 126 8^o Q Piece

229 1918 117 88 1904
