1983 2843
350 91 623 85 Madame ma tres honorée Cousine

426 205 1184 74 C'est avec une extreme douleur que je vous faÿ ce mot pour vous

417 281 1172 75 signifier que le 7/17 de ce mois faisant un petit voÿage vers

410 344 1190 80 Amsterdam pour quelques affaires, le navire qui me portoit avec

428 398 1156 88 les miens le long du fleuve appellé le Tÿr fut enfoncé par la

429 465 1111 83 mesgarde des matelots à la rencontre d'un autre plus pesant

426 532 1138 83 Vaisseau qui le chocqua à pleins voiles, Auquel naufrage mon

426 595 1154 88 fils ainé, qui m'avoit demandé permission d'aller avec moÿ, pour

426 657 1169 83 veoir lad. ville, perdis la vie, avec trois des Gentilshommes de ma

423 721 1172 93 Chambre. Malheur qui accroit infiniment mes afflictions preceden¬

426 789 1160 87 tes, et je m'asseure, que vostre singuliere bienvueillence envers

428 856 1156 85 moÿ et les miens, de laquelle il vous a pleu jusques icÿ me rendre

429 925 1157 89 tant de clairs tesmoignages vous fera participer à ces miens re¬

429 983 1152 97 qrets. Neantmoins, puis que le souverain Directeur de toutes

420 1053 1190 87 choses en a disposé ainsi il est raisonable de mi soubmettre et con¬

426 1108 1157 103 former à sa bonne sage et juste volonté et de me fortifier en

418 1181 1200 93 l'esperance indubitable que celuÿ qui m'a preservé si benignement

421 1252 1173 87 d'un si grand danger convertira en son temps le tout en mieux.

399 1309 1204 103 Je le prie de tout mon coeur de vous maintenir perpetuellement

426 1382 1131 91 en sa divine protection et me faire naistre l'occasion et le

425 1446 1151 108 moÿen de vous faire paroistre par preuves plus reelles, que je

417 1522 817 93 suis et demeure tout le reste de mes jours

382 1615 676 114 Madame ma tres honorée Cousine

1743 130 62 135 65

1098 1808 597 126 Vostre tres humble et tres affectioné

1117 1923 513 103 Cousin à vous faire service

1130 2035 488 175 Frideric

91 2148 390 97 de la Haÿe ce 14/24 de

94 2222 264 83 Janvier 1629.
