2013 2850
401 173 205 112 Madame

415 484 1353 114 ancore qu'il y a fort peu de temps que je vous et escrit je

437 598 1373 128 ne pas voulu lesser partir le conte de >< soie sans le fayre pour

443 739 1315 98 ne manquer a mon devoir et me plaindre a VM de l'oubli

446 872 1299 93 quelle a de moy puis qu'il y a plus de six mois que je ne

445 995 1287 99 receu de ces lettres je vous confesse que j'en suis obligée

456 1109 1332 113 ne sanblant que je ne merite ce disfaveur respetant et hono¬

449 1225 1324 127 rant. VM comme je fais et dois faire comme a si bonne

451 1364 1352 94 mere et ainsi je la suplie tres humblement m'en vouloir fayre

459 1477 1349 107 savoir la cause et si je manque par quelque coste a ce que

483 1588 1282 122 je dois qui est merite un si gran chastimant comme de me

460 1724 1310 95 voir porvee de vostre souvenir qui m'est une chose si chere

459 1850 1357 95 mais pour n'inportuner VM je ne luy en dire pas ><

467 1964 1317 118 je me remetant au conte de soye qui vous poura dire de mes

452 2082 1367 122 nouvelles si il vous plaist de les savoir et cependant je demeu¬

461 2168 107 97 reray

287 1503 121 202 Madame

168 1762 79 111 e fille

199 1778 152 475 Votre tres humble et tres obeiss¬

147 1878 102 299 Elizabeth

1743 147 59 63 11
