1998 2858
264 161 1507 131 Ma figle j'ay esté bien aise d'entendre

441 295 1368 114 de vos bonnes nouvelles et d'avoir veu par

436 436 1396 84 vrẽ lettre et par ce que m'en a dit le marquis

439 543 1387 96 de Pancallier que vous estes bien contente

438 660 1321 100 et satisfaite en vrẽ mariage. Assurez

439 782 1365 94 vous que j'y prens fort bonne part come a

427 893 1382 99 tout ce qui est de votre bien et contentement

438 1019 1283 98 en quoy ayant esté accompagnée des

435 1135 1356 90 benedittions de Dieu vous devez a toutes

425 1260 1350 92 heures Luy en rendre graces. je prie sa

435 1365 1358 108 divine bonté de bien bon coeur de les vous

432 1505 1375 90 accroistre et vous de croire que je seray

436 1632 321 79 a jamais

1754 57 43 145 4

863 1698 867 150 Vrẽ bien bonne mere

939 1812 596 210 Marie

150 2383 876 117 A Blois le XVIII^e jour de febvrier 1619
