1997 2850
368 156 319 133 Madame

454 496 1245 116 Roy monseigneur et moy ayant apris la maladie du Roy

370 591 1332 128 monsieur mon pere et ayant estté sy heureux que de savoir

363 691 1346 128 sa guerison ausytost nous en voyons le sieur de Montegue

358 786 1337 128 pour nous rejouir de son heureuse convalesance et aussy

356 890 1320 83 pour aprandre plus asseuremant l'estat de sa santé et

376 989 1299 84 pour moy je ne seray point en repos que je nen nee

358 1045 1329 125 eu de ses nouvelles et de selles de vrẽ Majesté de quoy je

353 1166 1297 105 crains que ses aprehensions qu'elle a eue ne luy doit a

339 1268 1306 116 porté quelque alteration a la sienne ce que je prie dieu

347 1360 1321 131 de n'estre pas paiant rien au monde que puisse rendre si

342 1486 1341 106 malheureuse je puis assurer vrẽ Majeste avec quelle resanti¬

335 1581 1345 121 mant le Roy monseigneur a receu cette mauvaise nouvelle et

338 1700 1347 93 ausy avec quelle joye saiste celle de sa guerison prenant un

328 1771 1340 121 tel interest en tout ce qui touche le Roy monseigneur mon

306 1890 1424 97 pere et votre Majesté ce qui m'a commandé d'assurer votre Majesté

330 1983 1355 121 de sa part et quelle desir a de voir une inteligence par

320 2078 1348 135 faite encore vrẽ Majesté et luy et pour moy je puis dire

1766 61 28 183 6
