2012 2883
472 140 1314 109 avec verité que je l'ay et toujours recognu seduir a >est<

450 237 1385 113 extreme et d'estre aux bonnes graces de vrẽ Majesté et quelle

427 321 1428 128 il veille tenir pour son fils pour moy Madame se me sera

435 430 1402 106 le plus grand contantemant qu'il me puise jamais ariver

426 525 1398 102 de voir cette inteligence telle que je la desire et je sais que

411 616 1410 111 le Roy monseigneur ne me desdira point de tout ce sy ny de

430 738 1402 91 plusieurs choses que j'ay commandées a >en< dit s^r le Montegne

371 848 1459 84 de dire a vrẽ Majesté de ma part car luy et moy desirons

424 952 1363 81 de nous adresser a elle estant la personne du monde a la

432 1057 1368 102 quelle nous temoygnerons toujours de respect que nous luy

394 1151 1432 123 portons et pour mon particulier je la suplieray tres humble¬

413 1265 1408 110 mant de considerer sa passion que j'ay toujours et eue et mon

413 1371 1432 116 service ce que je continueray jusques a la mort et malgré >tout<

422 1470 1362 120 ceux qui me pouroit randre de mauvais offices aupres d'elle

430 1580 1382 135 je ne la feray plus longue de peur de l'inportance que pour

403 1688 1399 121 la suplier de prandre croyance en ce que luy dira il s^r

427 1784 1013 129 de Montegne de ma part et de me croyre

387 2080 262 147 Madame

1209 2046 565 109 Vrẽ tres humble et tres

1252 2111 550 111 obeissante belle et souriante

1211 2176 536 130 Henriette Marie
