1510 1505
242 507 373 71 Citoyen Directeur

253 700 1163 50 Par votre Lettre du 9 de ce mois vous demandez si une

111 763 1296 45 Bordure en Miniature contenant des Médailles de Louis XIV. et

112 816 1297 46 conservée au Garde-Meuble, peut convenir àla Bibliothèque

115 871 1307 49 Nationale. je m'empresse de vous répondre que cet objet

118 919 1310 54 conviendra parfaitement au cabinet des Médailles, comme

112 976 1322 52 monument historique et numismatique. Le Conservatoire vous

115 1027 1324 64 prie en conséquence de vouloir le lui destiner, et donner des

770 1013 106 39 bien

122 1083 1031 70 ordres pour qu'il lui soit livré le plutôt possible.

510 1168 451 66 Salut et fraternité

748 51 550 50 Paris, le 13 nivôse, an >4< 5.^e de la

830 100 373 51 République une et indivisible.

527 194 807 61 Le Directeur de la Bibliothèque

571 265 196 55 nationale,

524 353 943 73 Au Directeur général de l'instruction publique.
