4267 6935
574.0 235.0 274.0 281.0 88

543.0 512.0 3299.0 404.0 bleaux &c. persiflage grossi

555.0 843.0 3110.0 347.0 er, plaisanteries froides et de

543.0 1167.0 3118.0 277.0 mauvais gout. tout y repond

539.0 1433.0 3288.0 304.0 a la carricature qui est en tete

555.0 1768.0 3264.0 277.0 ou l'auteur figurant la verité,

558.0 2057.0 3277.0 289.0 mais pas aussi nud qu'elle, tour-

551.0 2365.0 3276.0 301.0 ne le dos au public pour compo-

555.0 2681.0 3272.0 258.0 ser cet ecrit de la main gau

566.0 2951.0 3273.0 300.0 che et est assis sur une chai

570.0 3220.0 1896.0 328.0 se qui se rompt.

589.0 3432.0 3215.0 399.0 90. rafle de sept &c. brochure

585.0 3806.0 3177.0 301.0 ou l'on s'est efforcé de venger

593.0 4164.0 3230.0 258.0 messieurs de l'academie de

597.0 4461.0 3434.0 308.0 celles publiées contre eux au

593.0 4800.0 3288.0 289.0 nombre de sept au moment ou

585.0 5116.0 3269.0 266.0 l'auteur ecrivait. on peut juger

605.0 5428.0 3076.0 266.0 au titre de son genie. il est

639.0 5709.0 3169.0 339.0 plus rempli de zele que de ta

616.0 6052.0 1854.0 258.0 lent pour ecrire.

616.0 6256.0 3180.0 397.0 10.° la patte de velours pour
