4267 6791
515.0 492.0 3043.0 368.0 servir de suite a la seconde

524.0 811.0 3259.0 335.0 edition du coup de patte. cet écrit

532.0 1124.0 3319.0 302.0 est attribué a monsieur carmontel

536.0 1452.0 3043.0 264.0 très comme dans les arts et dans

524.0 1739.0 3286.0 332.0 les lettres, poete, comedien, peintre,

505.0 2048.0 3516.0 321.0 sculpteur, architecte, maitre ma

502.0 2361.0 3066.0 347.0 çon, artificier, hydrauliste,

513.0 2742.0 3361.0 261.0 decorateur ; mais dont on ne

504.0 3016.0 3320.0 368.0 dira pas : chrysologue est tout

505.0 3365.0 3403.0 275.0 et n'est rien ; car il s'est distin

494.0 3686.0 3384.0 290.0 gué et a reussi dans presque

521.0 3961.0 3240.0 302.0 tout ce qu'il a entrepris. il est

505.0 4312.0 3471.0 260.0 particulierement attaché a

509.0 4572.0 3185.0 379.0 monsieur le Duc d'Orleans : il

536.0 4919.0 3247.0 328.0 est directeur de la troupe de

517.0 5217.0 3342.0 328.0 madame de montesson et inten

494.0 5496.0 1790.0 317.0 dant de ses menus.

505.0 5764.0 3146.0 321.0 sa critique manque souvent

498.0 6049.0 3207.0 430.0 de justesse ; elle est partiale et

3241.0 232.0 283.0 288.0 89
