1000 1649
164 182 726 58 » dessinée, élégamment poſée, parfaite=

165 233 703 57 » ment drappée ; l'Enfant Jesus a une

164 285 679 64 » nobleſſe infinie ; le Berger est dans

166 343 717 65 » une attitude d'adoration très expressive :

166 401 687 60 » le tout ensemble de ce Tableau eſt

169 458 683 54 » admirable. La scène se passant en

171 507 707 60 » pleine campagne, la lumière quoyque

163 560 691 60 » vague, n'altère rien de la force & de la

165 619 414 47 » vérité du coloris, &c

229 659 652 56 On rend auſſi justice aux talens bien

183 709 705 52 connus de MM. Chardin, Oudry, de la Tour,

189 766 698 60 Nattoire, &c. Quelques critiques répandues

197 829 682 50 sur certains Morceaux du Salon, ne

192 886 678 64 ſont pas des jugemens sans appel ; mais

186 950 695 54 il en eſt qu'on pourra bien approuver &

187 1007 703 57 confirmer ; par exemple, ce qu'on dit ici

181 1065 709 64 du Quos ego, c'est à dire du Tableau de

172 1124 725 62 Neptune gourmandant les vents déchaî=

174 1184 704 57 nés, ſe rapporte aſſez aux idées de tous

175 1246 693 49 ceux qui ont vû & comparé avec la

177 1295 696 56 Description de Virgile. Le Quos-Ego du

185 1351 691 68 Poëte est héroïque, tout en grand, tout

504 125 92 71 580
