1000 1693
261 225 337 68 Article CXX

118 292 659 68 des Memoires pour l'histoire des

129 350 517 60 Sciences et des Beaux Arts

115 452 718 75 Jugemens sur les principaux ouvrages

120 512 546 57 exposés au Louvre en 1751.

126 615 671 82 L'exposition des Tableaux au Louvre

131 680 688 74 fait naitre tous les ans quelques bro=

123 743 691 67 chure d'éloges ou de critique, quelque

128 792 722 81 fois de critique et d'éloges tout ensemble.

126 854 684 67 On a dit dans le Public que celle-ci

126 906 696 79 étoit de l'auteur de l'Ombre du Grand

126 973 699 68 Colbert ; nous pouvons certifier avec

124 1026 690 67 confiance qu'on se trompe : cet hom=

124 1089 708 66 me de lettres n'a aucune part à ce petit

125 1146 703 74 ouvrage ; il s'y trouve des choses qu'il

119 1203 714 74 n'auroit ni pensées ni dites, par exemple,

126 1263 706 85 on y juge peu favorablement du Faune

126 1329 699 70 de M. Saly ; or nous ſommes surs, té=

126 1379 696 84 moins même, que l'Auteur de l'Ombre

676 156 107 89 577

781 90 114 68 52.
