1774 2739
500 503 1112 95 j'ay >< receu Monsieur celle que vous

481 588 1133 81 m'avés fait l'honneur de m'escrire, j'ay

482 668 1167 83 escrit deux fois a Monseigneur de Barbesieux

478 747 1163 91 en conformité de ce que vous luy avés mandé

478 829 1137 88 tant pour vos appointemens que pour ceux

479 902 1189 91 du Major, que je seay comme vous, vous estre

476 989 1183 80 necessaire, et n'ay point receu de response sur

478 1056 1161 83 aucun de ses articles, Je vous donne parole,

478 1124 1154 96 d'en escrire encore une fois pour voir a quoy

479 1208 1147 86 cella aboutira, dont j'auray l'honneur de

472 1279 1152 104 vous faire part, je n'ay point en celluy de

472 1360 1180 90 vous respondre à l'article de vos fortifications

475 1434 1169 95 ne pouvant prendre sur moy d'execution d'un

472 1517 1171 103 si grand projet, qui, outre qu'il seroit d'une

479 1597 1124 107 grande garde, ne nous seroit que d'une

779 182 877 84 A Geronne le 2^e decembre 1693
