1726 2752
328 469 1278 108 M^r Jouillac pour le service du Pron, Je

319 556 1290 95 leur ay dit de s'adresser a vous doresnavant

310 637 1269 78 quand ils croiront que M^r Jouillac ne leur

304 710 1305 71 aura pas vendu justice, vous estes raisonable

315 769 1276 90 et droit, et Je suis persuadé qu'ils auront

307 848 1192 99 touttes la deference qu'il faut pour vos

309 924 266 71 decisions.

299 1001 1299 102 Je croyois qu'aprés avoir regle le diferent

292 1080 1313 91 pour les cabarets, il ny auroit plus sujet de

295 1160 1310 86 plaintes a Fignieres, la boucherie en procure

293 1239 1247 81 encore d'autres, sur quoy j'auray l'honeur de

281 1310 1331 96 vous dire qu'il faut que les bouchers alemands

289 1394 1265 82 se conforment à ce qui a esté reglé pour les

280 1466 1326 87 vivandiers, en sorte que ceux la ne puissont vendre

293 1551 1328 89 qu'aux gens de leur Nation, et en cas du contraire

296 1629 1267 83 de les vouloir bien condamner a l'amende.

296 1713 1319 100 Les françois me doivent point avoir de bouchers
