1634 2740
377 392 1163 114 mediocre utilité ne voyant pas que cella nous

377 493 1142 91 deut procurer beaucoup de logement, toutte

386 570 1142 96 cette despense n'aboutiroit qu'a la garde de

386 648 1142 107 l'hospital qui d'elle mesme n'est pas insultable

374 721 1136 112 sous le feu de la place, parce qu'elle ferme

368 808 1141 87 parfaittement bien, et que les murailles en

367 867 1164 112 sont tres bonnes, ainsy Monsieur je croy qu'il

379 959 1142 89 faut demeurer comme nous sommes et se

371 1038 1141 86 contenter de conserver la Ville qui n'est pas

383 1107 1136 110 une petitte affaire pendant la campagne que

377 1180 1131 107 vous n'avés qu'une mediocre garnison, il

372 1251 1124 109 ne tiendra pas a moy que vous n'ayiés la

379 1328 1120 115 satisfaction que vous souhaittés, tant pour

388 1413 1099 98 le bien et que pour les appointemens qui

381 1484 1029 98 vous sont également necessaires, soyés

393 1550 1033 148 persuadé que je ne negligeray point
