1762 2768
490 579 1130 86 j'ay receu Monsieur celle que vous m'avés

483 665 1117 90 fait l'honneur de m'éscrire, j'ay escrit à

477 739 1114 91 Monseig.r de Barbesieux au sujet de vos

480 825 1131 99 apointemens. Et vous feray sçavoir la

478 902 1167 108 response que j'en auray. Je n'ay pas besoin

486 993 1139 91 de nouveaux rndres pour vous faire payer

480 1074 920 83 ceux de commandant à Fignieres.

481 1174 1130 90 Le Nommé Ramond M.r Aubergiste et

497 1250 1103 100 Fignieres, qui a esté cy devant chassé de

487 1331 1119 97 Geronne avec sa femme qui valoit aussy

489 1414 1136 88 peu que luy, est actuelement en commerce

483 1491 1135 85 avec les Ennemis qu'il instruit de tout ce

484 1566 1124 90 qui se passe en nos quartiers. il seroit bon

486 1642 1143 88 Monsieur que vous le fissiés tout au moins

490 1740 231 137 M.r Tardif

829 219 819 103 a Geronne le 17^e Janvier 1696

1549 1746 39 131 31
