1000 1693
126 175 771 59 en images sublimes ; celui du Peintre est

128 235 776 51 réduit à un trop petit espace, l'attitude du

131 286 762 62 Dieu n'a rien de frappant, de majestueux,

139 338 762 62 d'efficace ; on ne scait au coup d'oeil, ce que

137 394 766 66 c'est que ce Colosse armé d'un long trident ;

134 449 759 73 les Vents furieux n'influent ponit assez

131 507 757 70 dans cette sçène ; le fond du Tableau ne

134 575 652 61 présente point assez de désordre, &c.

177 624 715 69 Vers la fin de cette Brochure, il y a quel=

123 682 766 60 ques traits d'avis ou de censure qu'il faut

131 735 766 70 prendre en bien, si l'on n'aime mieux les

125 789 765 81 tempérer. L'Auteur dit : "Nous avons de jolis

96 853 788 75 " Poëtes, de jolis Peintres, de jolis Sermons ;

94 910 761 73 " les Raphaël, les Corneille, les Bourdaloue

101 967 769 78 " étoient-ils de jolis Auteurs ?..... Au

106 1028 744 73 " lieu de sujets élevés et des grandes com-

101 1082 765 82 " positions des Anciens, il ne nous faut plus

103 1140 767 75 " que de petites Pastorales, des Chinois & des

94 1200 770 69 " Pantins." Voila le correctif : nos Artistes

139 1265 704 74 ne sont pres que pas en faute, c'est le

147 1322 713 78 goût & la mode qui les subjuge. Qu'on

153 1388 679 66 leur demande, comme à Raphaël, au

645 112 105 57 581
