1000 1693
129 182 692 60 que un peu ces genies isolés qui se

129 239 675 49 resserrent dans une sphere étroite,

131 288 711 60 qui ne se connoissent qu'en une sorte de

131 346 704 59 chose>s<, qui ne sont rien si vous les placez

138 397 702 61 hors de leur Profession. "Il est honteux

107 459 703 57 " de ne pas chercher à connoître les

115 507 691 62 " beautés de Raphaël & de Rubens.

116 558 725 71 " Cette étude devroit faire une partie de

113 623 714 60 " l'éducation. Nous avons plusieurs ex=

114 675 710 63 " cellentes Poëtiques & Rhétoriques à

111 738 680 61 " l'usage des jeunes gens ; je voudrois

108 785 711 73 " que l'on fît un Traité de Peinture dans

109 854 667 56 " le même goût, c'est à dire, qu'après

111 916 724 56 " avoir établi chaque règle, on citât plusi=

110 967 702 62 " eurs Tableaux des Grands Maitres, &c.

185 1026 656 62 Que recueillerions-nous ensuite de ces

110 1085 696 59 Jugemens ? bien des éloges donnés à nos

126 1141 672 63 bons Peintres & à leurs Tableaux du

118 1202 683 63 Sallon. Que ne dit-on point, par ex=

124 1251 707 71 emple, de la fuite en Egypte de M. Pierre /

111 1317 696 60 " La Vierge est dans une excellent caract=

96 1372 706 74 " tère, d'une belle proportion, svelte bien

717 129 92 79 579
