1000 1649
187 192 681 62 du Grand Colbert, a extremement

193 241 686 60 loué & admiré cet excellent morce=

185 296 683 60 au de sculpture. D'autres raisons que

184 351 685 62 nous pourrions détailler acheveroient

184 399 696 63 de convaincre les plus incredules, disons

177 455 690 68 plûtoſt les moins faciles à détromper ./

200 512 675 59 L'Auteur de cette brochure nous eſt

186 566 689 62 parfaitement inconnu ; mais nous ne

186 622 666 56 laisſont pas d'estimer sa maniere de

185 675 703 68 penser & d'ecrire. Il se trompe quelque

172 736 702 59 fois, comme quand il dit que la cou=

171 791 713 53 leur de M. Wanloo commence à tomber

176 851 708 60 dans le noir ; quand il trouve dans le

182 910 699 53 Faune dont nous venons de parler, des

173 955 711 79 défauts du côté de la fineſſe, de la verité,

179 1021 327 51 du naturel, &c.

205 1073 671 69 Du reſte nous approuvons ici bien

172 1131 704 67 des choses : & d'abord la petite Pré=

170 1195 682 64 face qui roule sur l'Analogie qu'on

165 1245 724 67 reconnoît entre la Peinture & la Poësie

161 1305 715 64 Dramatique. Ce Morceau eſt bien, &

166 1364 710 79 nus aimons auſſi que l'Auteur criti=

591 138 89 58 578
