1329 1732
51 25 40 54 3.

134 43 1125 99 le plus beau des châteaux, et Madame la meilleure

112 124 451 70 des baronnes possibles.

187 199 1053 89 Il est démontré, disait-il, que les choses ne peuvent

129 277 1163 88 être autrement. car tout étant fait pour une fin

129 356 1008 79 tout est nécessairement pour la meilleure fin.

127 444 1165 72 remarquez bien que les nez ont été faits pour porter

102 522 1146 62 des Lunettes. les jambes sont visiblement instituées

133 597 1095 69 pour être chaussées, et nous avons des chausses. les

126 670 1112 78 pierres ont été formées pour être taillées, et pour en

125 751 1094 70 faire des châteaux, aussi Monseigneur a un tres

124 828 1155 70 beau château. le plus grand baron de la province doit

125 901 1166 80 avoir le plus grand château ; et les cochons étant faits

127 986 1168 82 pour être mangés, nous mangeons du porc toute l'annee

124 1068 1103 78 par conséquent ceux qui ont avancé que tout est

119 1143 1150 83 bien ont dis une Sottise: il fallait dire que tout est

118 1229 316 56 au mieux.

179 1290 1046 80 Candide écoutait attentivement, et croïait >in<

122 1375 1096 79 innocemment ; car il trouvait Mademoiselle

123 1446 1158 91 Cunégonde extrémement belle, quoi qu'il ne prit jamais

122 1509 1127 116 la hardiesse de le lui dire. il concluait qu'aprés le
