<alto xmlns:xsi="http://www.w3.org/2001/XMLSchema-instance" xmlns="http://www.loc.gov/standards/alto/ns-v4#" xsi:schemaLocation="http://www.loc.gov/standards/alto/ns-v4# http://www.loc.gov/standards/alto/v4/alto-4-2.xsd">
  <Description>
    <MeasurementUnit>pixel</MeasurementUnit>
    <sourceImageInformation>
      <fileName>Ms-3160_f10.jpg</fileName>
      
    </sourceImageInformation>
  </Description>
  
  <Tags>
    <OtherTag ID="BT6106" LABEL="TitlePageZone" DESCRIPTION="block type TitlePageZone"/><OtherTag ID="BT6105" LABEL="TableZone" DESCRIPTION="block type TableZone"/><OtherTag ID="BT6104" LABEL="StampZone" DESCRIPTION="block type StampZone"/><OtherTag ID="BT6103" LABEL="SealZone" DESCRIPTION="block type SealZone"/><OtherTag ID="BT6102" LABEL="RunningTitleZone" DESCRIPTION="block type RunningTitleZone"/><OtherTag ID="BT6101" LABEL="QuireMarksZone" DESCRIPTION="block type QuireMarksZone"/><OtherTag ID="BT6100" LABEL="NumberingZone" DESCRIPTION="block type NumberingZone"/><OtherTag ID="BT6099" LABEL="MusicZone" DESCRIPTION="block type MusicZone"/><OtherTag ID="BT6098" LABEL="MarginTextZone" DESCRIPTION="block type MarginTextZone"/><OtherTag ID="BT6097" LABEL="MainZone" DESCRIPTION="block type MainZone"/><OtherTag ID="BT6096" LABEL="DropCapitalZone" DESCRIPTION="block type DropCapitalZone"/><OtherTag ID="BT6095" LABEL="DigitizationArtefactZone" DESCRIPTION="block type DigitizationArtefactZone"/><OtherTag ID="BT6094" LABEL="DecorationZone" DESCRIPTION="block type DecorationZone"/><OtherTag ID="BT6093" LABEL="DamageZone" DESCRIPTION="block type DamageZone"/>
    <OtherTag ID="LT2091" LABEL="InterlinearLine" DESCRIPTION="line type InterlinearLine"/><OtherTag ID="LT2090" LABEL="HeadingLine" DESCRIPTION="line type HeadingLine"/><OtherTag ID="LT2089" LABEL="DropCapitalLine" DESCRIPTION="line type DropCapitalLine"/><OtherTag ID="LT2088" LABEL="DefaultLine" DESCRIPTION="line type DefaultLine"/>
  </Tags>
  
  <Layout>
    <Page WIDTH="1329" HEIGHT="1696" PHYSICAL_IMG_NR="0" ID="eSc_dummypage_">
      <PrintSpace HPOS="0" VPOS="0" WIDTH="1329" HEIGHT="1696">
        
        <TextBlock HPOS="67" VPOS="30" WIDTH="71" HEIGHT="70" ID="eSc_textblock_17baf89f" TAGREFS="BT6100">
          <Shape><Polygon POINTS="108 33 138 41 122 100 67 94 71 45 88 30"/></Shape>
          
          
          <TextLine ID="eSc_line_39130137" TAGREFS="LT2088" BASELINE="74 73 119 73" HPOS="73" VPOS="31" WIDTH="45" HEIGHT="84">
            <Shape><Polygon POINTS="115 35 101 32 87 31 86 31 73 42 73 72 73 115 118 104 118 72 118 36 115 35"/></Shape>
	    <String CONTENT="2." HPOS="73" VPOS="31" WIDTH="45" HEIGHT="84"/>
          </TextLine>

          
        </TextBlock>
        
        <TextBlock HPOS="162" VPOS="26" WIDTH="1144" HEIGHT="1537" ID="eSc_textblock_2f72d575" TAGREFS="BT6097">
          <Shape><Polygon POINTS="538 37 557 45 565 71 610 79 1038 60 1306 101 1306 617 1291 840 1306 972 1291 1126 1306 1198 1302 1514 1279 1544 967 1563 786 1544 490 1544 339 1559 192 1529 184 1386 165 1348 196 1285 180 1239 177 407 162 316 177 262 188 41 199 30 292 26"/></Shape>
          
          
          <TextLine ID="eSc_line_9117c967" TAGREFS="LT2088" BASELINE="198 80 546 70" HPOS="196" VPOS="35" WIDTH="350" HEIGHT="62">
            <Shape><Polygon POINTS="527 36 521 41 516 44 472 48 458 42 442 35 441 35 440 35 439 35 418 43 404 49 347 51 317 46 299 43 298 43 297 43 290 47 288 48 286 47 277 40 276 40 275 40 274 40 273 40 272 40 272 41 264 48 258 54 246 48 232 41 231 41 230 41 196 48 198 80 198 89 267 97 268 97 269 97 300 85 304 84 308 85 328 93 329 93 330 93 331 93 332 93 332 92 341 84 342 83 345 84 365 88 366 88 367 88 386 83 415 92 416 92 417 92 418 92 442 83 475 91 476 91 511 79 532 85 533 85 534 85 535 85 536 85 546 78 546 70 544 40 536 36"/></Shape>
	    <String CONTENT="l'injure du temps." HPOS="196" VPOS="35" WIDTH="350" HEIGHT="62" WC="0.994796501265632"/>
          </TextLine>

          
          
          <TextLine ID="eSc_line_8c232ba2" TAGREFS="LT2088" BASELINE="216 142 911 128 1302 131" HPOS="215" VPOS="88" WIDTH="1087" HEIGHT="67">
            <Shape><Polygon POINTS="1299 100 1290 98 1280 97 1274 96 1267 97 1263 95 1260 93 1252 93 1243 91 1233 90 1227 88 1207 96 1186 104 1102 104 1083 98 1074 96 1073 96 1072 96 1071 96 1061 99 1041 105 962 101 942 100 941 100 928 101 886 107 871 103 825 89 824 89 823 89 717 90 716 90 691 96 652 91 651 91 650 91 615 101 591 95 590 95 590 95 589 95 558 109 526 93 525 93 506 93 505 93 504 93 460 111 456 113 393 113 374 113 348 105 347 105 346 105 345 105 334 110 296 96 295 96 295 96 294 96 256 115 255 116 215 116 216 142 216 155 278 154 279 154 300 147 326 153 327 153 365 147 421 152 422 152 423 152 447 145 501 151 502 151 503 151 508 151 721 140 892 139 920 146 922 146 923 146 928 146 1020 137 1093 143 1094 143 1302 140 1302 131 1300 100 1299 100"/></Shape>
	    <String CONTENT="Monsieur le Baron était un des plus grands Seigneurs de la" HPOS="215" VPOS="88" WIDTH="1087" HEIGHT="67"/>
          </TextLine>

          
          
          <TextLine ID="eSc_line_f48b4cf7" TAGREFS="LT2088" BASELINE="189 199 876 190 1293 191" HPOS="188" VPOS="151" WIDTH="1105" HEIGHT="70">
            <Shape><Polygon POINTS="189 199 189 207 246 220 246 221 283 221 283 220 284 220 321 208 339 214 340 214 341 214 342 214 363 208 387 219 388 219 389 219 390 219 407 212 435 217 436 217 499 207 509 205 514 207 526 211 527 211 528 211 529 211 544 206 550 205 554 206 569 213 570 213 571 213 652 206 688 203 711 206 734 209 735 209 810 206 855 204 878 206 920 209 921 209 971 205 1042 200 1065 205 1094 212 1095 212 1292 204 1293 191 1291 163 1246 163 1244 163 1210 151 1209 151 1208 151 1207 151 1184 157 1161 152 1160 152 1159 152 1137 163 1136 163 1132 163 1083 156 1082 156 1082 156 1066 163 1062 163 1038 163 1020 153 1019 153 988 153 987 153 901 164 886 167 796 167 791 165 764 158 763 158 762 158 698 166 680 168 676 166 661 159 660 159 659 159 658 159 632 166 631 166 588 157 587 157 538 167 526 169 516 167 475 160 475 160 474 160 457 168 451 171 396 171 392 168 377 162 377 162 300 160 299 160 274 161 273 161 252 169 246 171 188 170 189 199"/></Shape>
	    <String CONTENT="Westphalie, car son château avait une porte et des fenêtres." HPOS="188" VPOS="151" WIDTH="1105" HEIGHT="70" WC="0.98614719798488"/>
          </TextLine>

          
          
          <TextLine ID="eSc_line_33c47ea0" TAGREFS="LT2088" BASELINE="186 260 1262 253" HPOS="185" VPOS="215" WIDTH="1077" HEIGHT="62">
            <Shape><Polygon POINTS="186 260 186 274 244 270 250 274 255 276 256 276 301 277 302 277 303 277 316 273 322 271 328 273 343 277 344 277 344 277 345 277 357 273 363 270 369 272 377 276 377 276 378 276 379 276 388 272 392 271 404 272 443 276 443 276 474 271 494 268 503 271 513 275 514 275 515 275 516 275 524 271 527 269 540 271 577 276 578 276 579 276 594 270 597 268 647 267 673 269 719 273 720 273 758 268 770 267 803 268 991 273 992 273 1028 267 1061 272 1062 272 1063 272 1080 264 1082 264 1090 264 1145 269 1146 269 1147 269 1158 264 1160 263 1196 263 1197 263 1217 271 1218 271 1219 271 1261 262 1262 253 1260 226 1218 215 1217 215 1216 215 1197 226 1179 226 1164 226 1163 226 1148 220 1147 220 1146 220 1145 220 1125 226 1121 227 1118 226 1098 221 1097 221 1096 221 1095 221 1084 227 1082 228 997 228 996 227 978 220 977 220 976 220 907 228 900 228 899 228 877 216 876 216 858 216 857 216 784 217 783 217 762 228 760 229 721 229 719 228 682 218 681 218 680 218 638 224 596 218 595 218 594 218 552 229 545 230 515 229 383 223 382 223 381 223 364 228 320 220 319 220 271 230 262 232 256 230 226 221 225 221 224 221 223 221 185 230 186 260"/></Shape>
	    <String CONTENT="sa grande salle même, était ornée d'une tapisserie ; tous les" HPOS="185" VPOS="215" WIDTH="1077" HEIGHT="62" WC="0.977973140776157"/>
          </TextLine>

          
          
          <TextLine ID="eSc_line_0d7dc034" TAGREFS="LT2088" BASELINE="166 337 689 332 1279 317" HPOS="165" VPOS="277" WIDTH="1114" HEIGHT="78">
            <Shape><Polygon POINTS="166 337 166 355 219 344 272 349 273 349 314 343 352 350 353 350 408 342 434 348 438 349 439 349 440 349 443 348 477 340 532 344 533 344 557 340 573 344 575 345 576 345 577 345 578 345 582 344 599 340 608 343 626 352 627 352 628 352 784 350 872 337 902 332 921 335 989 346 990 346 991 346 1023 335 1049 340 1050 340 1134 333 1187 336 1188 336 1279 325 1279 317 1278 278 1226 277 1225 277 1224 277 1219 279 1186 293 1139 281 1132 279 1131 279 1096 279 1095 279 1094 279 1083 282 1041 296 984 287 984 287 946 295 921 286 913 283 912 283 889 283 888 283 887 283 879 288 856 300 836 301 760 301 742 295 741 295 740 295 739 295 738 295 727 303 500 306 471 297 453 292 452 292 424 292 423 292 299 294 255 302 209 310 190 304 184 302 183 302 182 302 165 304 166 337"/></Shape>
	    <String CONTENT="chiens de ses basses-cours composaient une meute dans le" HPOS="165" VPOS="277" WIDTH="1114" HEIGHT="78" WC="0.986226197864328"/>
          </TextLine>

          
          
          <TextLine ID="eSc_line_eb670c26" TAGREFS="LT2088" BASELINE="185 407 626 406 1010 396 1291 393" HPOS="184" VPOS="349" WIDTH="1107" HEIGHT="77">
            <Shape><Polygon POINTS="185 407 185 413 238 422 239 422 298 420 316 426 317 426 318 426 403 416 428 425 429 425 430 425 523 424 524 424 552 411 590 416 590 416 619 412 640 423 641 423 642 424 660 424 660 423 661 423 699 412 755 419 756 419 757 419 799 408 852 416 853 416 1039 405 1085 413 1086 413 1087 413 1106 405 1143 414 1144 414 1145 414 1146 414 1184 403 1185 403 1198 407 1199 407 1200 407 1291 401 1291 393 1289 349 1197 349 1196 349 1195 349 1188 351 1139 367 1089 353 1080 351 1079 351 1051 351 1050 351 1050 351 1043 355 1018 367 982 369 935 363 935 363 934 363 913 370 892 360 891 360 890 360 889 360 869 371 845 371 809 359 798 357 797 357 796 357 767 358 766 358 761 361 739 373 716 373 687 362 672 358 672 358 671 358 670 358 651 363 626 370 596 365 579 362 578 362 541 366 530 367 526 366 497 358 496 358 447 358 446 358 445 358 427 367 378 365 377 365 377 365 363 370 346 377 250 377 241 373 213 360 213 360 212 360 211 360 184 373 185 407"/></Shape>
	    <String CONTENT="besoin, ses palfreniers étaient ses piqueurs. le vicaire du" HPOS="184" VPOS="349" WIDTH="1107" HEIGHT="77" WC="0.983043067653974"/>
          </TextLine>

          
          
          <TextLine ID="eSc_line_a2c3b4ac" TAGREFS="LT2088" BASELINE="189 478 698 476 1293 463" HPOS="188" VPOS="425" WIDTH="1105" HEIGHT="69">
            <Shape><Polygon POINTS="189 478 190 489 273 489 285 494 286 494 287 494 317 488 320 488 328 488 406 491 407 491 450 487 458 486 459 487 473 493 474 493 475 493 475 493 494 487 513 493 514 493 515 493 814 489 846 482 859 480 876 482 916 487 917 487 978 486 979 486 988 481 994 478 1076 478 1080 480 1090 485 1091 485 1092 485 1093 485 1111 479 1123 476 1223 476 1234 478 1253 482 1254 482 1292 477 1293 463 1291 440 1260 440 1231 425 1230 425 1184 425 1183 425 1182 425 1158 438 1082 427 1082 427 1081 427 1033 440 1028 441 1023 440 992 428 991 428 990 428 919 429 918 429 894 440 886 445 841 446 676 447 661 441 643 434 642 434 619 434 618 434 617 434 602 441 589 448 525 448 508 441 506 441 505 441 504 441 503 441 502 441 486 448 471 441 456 436 455 436 454 436 418 442 364 452 305 442 278 439 278 439 188 442 189 478"/></Shape>
	    <String CONTENT="vilage était son grand aumônier. ils l'appellaient tous" HPOS="188" VPOS="425" WIDTH="1105" HEIGHT="69"/>
          </TextLine>

          
          
          <TextLine ID="eSc_line_df80ce1f" TAGREFS="LT2088" BASELINE="181 549 440 546 684 550 1296 540" HPOS="180" VPOS="494" WIDTH="1116" HEIGHT="75">
            <Shape><Polygon POINTS="181 549 181 560 233 569 234 569 235 569 266 560 267 560 313 560 347 568 348 568 349 568 367 559 426 559 450 568 451 568 452 568 453 568 472 559 514 566 515 566 542 562 569 567 570 567 571 567 585 560 673 568 674 568 675 568 691 560 712 567 713 567 771 568 772 568 842 560 854 565 855 565 856 565 857 565 880 557 898 566 899 566 900 566 968 565 1056 554 1089 564 1090 564 1091 564 1092 564 1131 551 1132 551 1140 551 1270 557 1271 557 1272 557 1296 549 1296 540 1294 500 1275 496 1274 496 1273 496 1263 500 1235 512 1197 513 1156 501 1132 494 1132 494 1131 494 1130 494 1102 502 1053 516 1025 517 985 517 959 504 943 496 942 496 941 496 940 496 919 504 897 497 896 497 895 497 790 498 789 498 774 505 752 518 716 510 715 510 714 510 696 519 643 519 603 512 594 507 580 501 579 501 578 501 521 508 519 509 518 509 493 521 359 517 358 517 315 523 298 515 297 515 296 515 272 518 229 512 198 508 197 508 180 512 181 549"/></Shape>
	    <String CONTENT="Monseigneur, et ils riaient quand il faisait des contes" HPOS="180" VPOS="494" WIDTH="1116" HEIGHT="75"/>
          </TextLine>

          
          
          <TextLine ID="eSc_line_6ca4481f" TAGREFS="LT2088" BASELINE="183 626 311 620 787 620 1170 609 1281 610" HPOS="182" VPOS="570" WIDTH="1099" HEIGHT="77">
            <Shape><Polygon POINTS="183 626 183 647 249 647 249 646 250 646 253 645 279 631 341 628 389 634 390 634 493 627 528 638 541 642 542 642 543 643 566 643 566 642 635 641 636 641 654 635 670 630 684 635 703 640 704 640 705 640 794 639 795 639 812 631 821 627 878 630 943 633 944 633 977 627 985 626 989 627 1008 633 1009 633 1010 633 1011 633 1027 626 1043 619 1119 619 1131 623 1132 624 1133 624 1134 624 1143 623 1179 618 1279 619 1281 610 1279 587 1228 587 1227 587 1192 570 1191 570 1176 570 1175 570 1174 570 1130 582 1038 571 1037 571 1036 571 1012 578 991 575 990 575 989 575 953 588 944 592 844 592 830 588 808 583 807 583 806 583 805 583 781 588 763 594 706 594 696 589 671 576 670 576 669 576 668 576 632 589 616 596 562 596 538 589 532 588 531 588 530 588 523 589 510 592 504 589 478 579 477 579 476 579 379 580 378 580 360 587 344 583 344 583 343 583 342 583 324 590 316 594 309 590 290 581 289 581 288 581 209 582 208 582 182 590 183 626"/></Shape>
	    <String CONTENT="Madame la baronne qui pesait environ trois cent" HPOS="182" VPOS="570" WIDTH="1099" HEIGHT="77"/>
          </TextLine>

          
          
          <TextLine ID="eSc_line_f797e690" TAGREFS="LT2088" BASELINE="190 690 585 690 1290 681" HPOS="189" VPOS="649" WIDTH="1101" HEIGHT="55">
            <Shape><Polygon POINTS="190 690 190 701 428 698 433 699 445 703 446 703 447 703 492 699 500 698 505 698 541 704 541 704 542 704 557 698 561 696 578 698 638 703 639 703 788 698 836 701 837 701 873 695 883 700 884 700 885 700 917 694 927 698 928 698 929 698 930 698 931 698 938 693 939 693 976 700 977 700 1022 692 1030 691 1051 692 1208 698 1209 698 1245 689 1246 689 1289 689 1290 681 1287 657 1101 657 1069 649 1068 649 1067 649 1000 659 996 659 988 659 896 653 895 653 894 653 878 660 877 660 876 660 856 654 855 654 854 654 853 654 832 660 828 661 826 660 805 650 804 650 751 650 750 650 749 650 728 661 697 651 696 651 665 651 664 651 663 651 651 657 627 652 626 652 625 652 624 652 604 662 602 664 520 664 513 663 469 652 468 652 189 665 190 690"/></Shape>
	    <String CONTENT="cinquante livres, s'attirait par là une tres grande" HPOS="189" VPOS="649" WIDTH="1101" HEIGHT="55"/>
          </TextLine>

          
          
          <TextLine ID="eSc_line_ec6dc76f" TAGREFS="LT2088" BASELINE="186 759 563 762 1272 752" HPOS="185" VPOS="713" WIDTH="1087" HEIGHT="69">
            <Shape><Polygon POINTS="186 759 186 769 243 774 244 774 245 774 259 769 260 769 261 769 279 775 280 775 281 775 326 769 334 768 350 769 379 770 403 782 404 782 405 782 509 782 509 782 576 781 628 769 652 774 653 774 654 774 667 767 671 766 674 767 692 774 693 774 770 779 771 779 771 779 803 766 804 766 842 764 869 766 891 768 892 768 929 766 962 764 971 766 1002 774 1003 774 1004 774 1107 765 1115 765 1119 765 1145 769 1146 769 1147 769 1157 765 1165 761 1271 764 1272 752 1269 727 1038 732 1030 729 985 713 984 713 942 713 941 713 882 714 881 714 836 731 827 734 758 734 754 732 721 716 720 716 702 716 701 716 700 716 683 723 672 718 671 718 670 718 669 718 630 733 626 733 623 733 571 719 570 719 569 719 541 722 528 717 527 717 526 717 525 717 501 728 478 717 477 717 408 717 407 717 369 718 368 718 327 735 322 738 244 738 237 736 217 730 216 730 215 730 185 736 186 759"/></Shape>
	    <String CONTENT="considération, et faisait les honneurs de la maison avec" HPOS="185" VPOS="713" WIDTH="1087" HEIGHT="69"/>
          </TextLine>

          
          
          <TextLine ID="eSc_line_3e826cde" TAGREFS="LT2088" BASELINE="194 839 1271 827" HPOS="193" VPOS="780" WIDTH="1078" HEIGHT="88">
            <Shape><Polygon POINTS="194 839 195 852 292 849 296 851 336 867 337 867 338 868 356 868 356 867 357 867 408 849 410 848 414 849 455 865 456 865 457 866 492 866 492 865 493 865 545 848 546 848 566 853 567 853 568 853 621 852 647 864 648 864 649 864 681 864 681 864 682 864 716 845 717 845 732 844 737 845 792 862 793 862 794 863 855 863 855 862 856 862 890 851 915 861 916 861 917 861 1002 860 1003 860 1028 846 1083 840 1132 849 1133 849 1134 849 1160 838 1271 836 1271 827 1268 780 1232 781 1231 781 1198 797 1146 782 1143 782 1142 782 1104 782 1103 782 1102 782 1097 783 1070 794 1018 800 942 800 913 788 903 784 902 784 883 784 882 784 881 784 871 789 847 802 763 802 742 793 741 793 740 792 710 789 709 789 689 794 686 794 684 794 655 787 654 787 653 787 631 795 616 800 592 796 565 791 564 791 563 791 543 798 519 806 450 806 435 800 415 793 414 793 413 793 377 800 348 791 347 791 295 791 295 791 294 791 257 803 219 793 218 793 217 793 216 793 193 804 194 839"/></Shape>
	    <String CONTENT="une dignité qui la rendait encor plus respectable. Sa" HPOS="193" VPOS="780" WIDTH="1078" HEIGHT="88"/>
          </TextLine>

          
          
          <TextLine ID="eSc_line_4b4eda30" TAGREFS="LT2088" BASELINE="194 917 437 919 1086 909 1274 912" HPOS="194" VPOS="866" WIDTH="1080" HEIGHT="75">
            <Shape><Polygon POINTS="194 941 243 940 244 940 278 927 302 934 303 934 304 934 364 930 389 937 394 938 395 938 396 938 416 936 494 927 518 933 529 937 530 937 531 937 610 935 611 935 619 931 632 924 649 930 658 934 659 934 660 934 697 933 698 933 707 929 721 923 771 927 772 927 773 927 792 921 859 926 906 929 907 929 950 924 957 923 962 923 1027 930 1028 930 1029 930 1056 921 1060 920 1065 921 1082 924 1083 924 1084 924 1096 920 1101 918 1158 918 1161 918 1187 925 1188 925 1189 925 1210 917 1214 916 1216 917 1235 924 1236 924 1237 924 1273 915 1274 912 1273 880 1228 880 1228 879 1202 866 1201 866 1200 866 1130 879 1118 880 1111 879 1082 870 1081 870 1080 870 1079 870 1052 879 1046 880 1040 879 1020 871 1019 871 1018 871 1017 871 1003 879 997 881 987 879 957 868 956 868 955 868 874 873 873 873 863 878 859 880 850 878 826 874 825 874 806 878 778 885 733 885 718 878 705 872 704 872 703 872 702 872 686 878 663 885 633 878 625 876 624 876 623 876 623 876 617 878 588 887 531 887 492 878 492 878 455 878 454 878 453 878 433 889 372 889 338 877 335 876 334 876 333 876 324 877 285 881 194 877 194 917 194 941"/></Shape>
	    <String CONTENT="fille Cunégonde agée de 17 ans était haute, en couleur," HPOS="194" VPOS="866" WIDTH="1080" HEIGHT="75"/>
          </TextLine>

          
          
          <TextLine ID="eSc_line_1b8a18aa" TAGREFS="LT2088" BASELINE="190 994 1296 990" HPOS="189" VPOS="946" WIDTH="1107" HEIGHT="76">
            <Shape><Polygon POINTS="190 994 190 1022 297 1002 324 1002 363 1013 364 1013 365 1013 366 1013 392 1003 460 1002 493 1017 500 1020 501 1020 502 1021 656 1021 656 1020 657 1020 670 1014 688 1005 713 1005 734 1011 735 1011 736 1011 763 1008 774 1012 789 1019 790 1019 791 1020 839 1020 839 1019 840 1019 864 1011 882 1005 1012 1007 1013 1007 1087 999 1117 1007 1135 1011 1136 1011 1137 1011 1148 1006 1165 999 1192 999 1204 1005 1210 1008 1211 1008 1212 1008 1231 1005 1263 999 1294 1003 1296 990 1293 960 1145 962 1132 959 1098 946 1097 946 1096 946 1066 951 1000 947 999 947 998 947 969 958 963 961 957 958 941 950 940 950 939 950 938 950 927 953 910 947 909 947 793 947 792 947 741 956 722 952 721 952 721 952 708 957 702 960 691 957 661 949 660 949 659 949 590 950 589 950 570 957 547 965 452 965 427 959 426 959 426 959 395 966 319 966 299 956 285 949 284 949 283 949 282 949 270 956 265 958 260 956 243 949 242 949 241 949 189 955 190 994"/></Shape>
	    <String CONTENT="fraiche, grasse, appétissante. le fils du baron paraissait" HPOS="189" VPOS="946" WIDTH="1107" HEIGHT="76" WC="0.976060523825177"/>
          </TextLine>

          
          
          <TextLine ID="eSc_line_b8ddd073" TAGREFS="LT2088" BASELINE="191 1066 517 1061 1283 1062" HPOS="190" VPOS="1015" WIDTH="1093" HEIGHT="76">
            <Shape><Polygon POINTS="191 1066 191 1076 300 1076 327 1090 328 1090 328 1091 414 1091 414 1090 479 1075 484 1074 487 1075 527 1090 528 1090 529 1091 590 1091 590 1090 591 1090 631 1075 676 1086 677 1086 678 1086 679 1086 715 1074 720 1072 765 1072 770 1073 791 1079 792 1079 793 1079 956 1072 968 1072 969 1072 1011 1089 1012 1089 1013 1090 1081 1090 1081 1089 1082 1089 1112 1076 1132 1084 1132 1084 1133 1084 1134 1084 1165 1071 1179 1077 1180 1077 1225 1078 1226 1078 1227 1078 1248 1071 1263 1076 1263 1076 1264 1076 1265 1076 1283 1070 1283 1062 1280 1017 1244 1029 1209 1018 1205 1017 1204 1017 1203 1017 1202 1017 1198 1018 1190 1022 1181 1019 1174 1015 1173 1015 1172 1015 1153 1019 1148 1020 1143 1019 1128 1016 1127 1016 1126 1016 1117 1020 1099 1028 1081 1020 1070 1015 1069 1015 999 1015 998 1015 997 1015 981 1022 955 1034 933 1034 909 1023 901 1020 900 1020 899 1020 898 1020 888 1024 873 1029 851 1025 831 1020 830 1020 829 1020 809 1025 778 1033 770 1029 769 1029 768 1029 767 1029 755 1035 592 1035 573 1029 551 1023 550 1023 549 1023 548 1023 525 1028 500 1016 499 1016 430 1016 429 1016 428 1016 410 1022 370 1016 369 1016 368 1016 318 1033 315 1034 312 1033 279 1021 278 1021 278 1021 277 1021 238 1035 190 1035 191 1066"/></Shape>
	    <String CONTENT="en tout digne de son père, le précepteur Pangloss était" HPOS="190" VPOS="1015" WIDTH="1093" HEIGHT="76"/>
          </TextLine>

          
          
          <TextLine ID="eSc_line_c29b8b5d" TAGREFS="LT2088" BASELINE="192 1144 632 1148 968 1138 1273 1136" HPOS="191" VPOS="1087" WIDTH="1082" HEIGHT="77">
            <Shape><Polygon POINTS="192 1144 192 1157 257 1152 274 1157 281 1158 282 1158 283 1158 370 1158 385 1164 386 1164 387 1164 388 1164 405 1158 420 1164 421 1164 422 1164 661 1163 662 1163 682 1153 685 1152 697 1153 773 1162 774 1162 775 1162 811 1152 827 1148 858 1152 869 1153 870 1153 904 1152 995 1147 1108 1147 1113 1150 1118 1153 1119 1153 1120 1153 1121 1153 1130 1150 1139 1146 1202 1146 1209 1149 1214 1152 1215 1152 1216 1152 1272 1148 1273 1136 1272 1104 1242 1089 1241 1089 1240 1089 1205 1096 1150 1087 1149 1087 1088 1096 1053 1096 1033 1088 1032 1088 1031 1088 890 1089 889 1089 853 1103 847 1105 804 1105 803 1105 803 1105 778 1118 704 1118 689 1110 688 1110 687 1110 686 1110 659 1119 397 1119 366 1105 365 1105 364 1105 363 1105 352 1108 336 1102 323 1097 322 1097 321 1097 300 1102 293 1104 287 1102 260 1092 259 1092 210 1092 209 1092 208 1092 191 1101 192 1144"/></Shape>
	    <String CONTENT="l'oracle de lamaison, et le pétit Candide écoutait ses" HPOS="191" VPOS="1087" WIDTH="1082" HEIGHT="77"/>
          </TextLine>

          
          
          <TextLine ID="eSc_line_00ca16a3" TAGREFS="LT2088" BASELINE="190 1220 653 1226 1026 1217 1296 1214" HPOS="190" VPOS="1179" WIDTH="1106" HEIGHT="66">
            <Shape><Polygon POINTS="190 1232 250 1228 262 1232 269 1235 270 1235 301 1238 302 1238 303 1238 320 1232 323 1231 327 1231 372 1240 373 1240 497 1234 540 1242 541 1242 586 1237 621 1244 622 1245 734 1245 734 1244 735 1244 768 1228 771 1227 777 1228 829 1239 830 1239 831 1239 859 1232 893 1237 894 1237 928 1236 929 1236 947 1227 948 1227 1017 1227 1063 1227 1112 1239 1113 1239 1114 1239 1115 1239 1148 1227 1171 1236 1172 1236 1173 1236 1174 1236 1188 1229 1218 1233 1219 1233 1296 1224 1296 1214 1294 1179 1231 1180 1164 1193 1114 1189 1100 1182 1097 1180 1096 1180 1015 1180 1014 1180 1013 1180 1004 1183 981 1192 957 1189 956 1189 876 1193 853 1186 852 1185 851 1185 850 1185 849 1185 847 1186 829 1192 805 1187 804 1187 803 1187 803 1187 785 1195 756 1195 741 1188 740 1187 739 1187 738 1187 738 1187 736 1188 722 1195 681 1195 661 1189 638 1181 637 1181 559 1181 558 1181 557 1181 525 1190 459 1182 459 1182 458 1182 438 1191 431 1195 393 1192 363 1190 362 1190 336 1193 327 1194 323 1193 296 1187 295 1187 295 1187 294 1187 276 1192 246 1188 245 1188 244 1188 224 1195 223 1196 190 1196 190 1220 190 1232"/></Shape>
	    <String CONTENT="leçons avec toute la bonne foi de son age et de son caractère" HPOS="190" VPOS="1179" WIDTH="1106" HEIGHT="66"/>
          </TextLine>

          
          
          <TextLine ID="eSc_line_54e8fe8c" TAGREFS="LT2088" BASELINE="243 1305 712 1304 1290 1291" HPOS="241" VPOS="1244" WIDTH="1049" HEIGHT="83">
            <Shape><Polygon POINTS="243 1305 243 1315 294 1320 295 1320 327 1315 371 1325 372 1325 373 1325 396 1316 436 1320 437 1320 471 1313 492 1320 493 1320 494 1320 530 1318 552 1327 553 1327 554 1327 555 1327 574 1316 616 1314 689 1319 689 1319 690 1319 714 1311 739 1324 740 1324 741 1324 824 1323 859 1322 860 1322 892 1307 894 1307 962 1304 980 1306 1005 1311 1006 1311 1069 1305 1105 1303 1110 1305 1118 1309 1119 1309 1120 1309 1174 1306 1192 1313 1193 1313 1194 1313 1246 1304 1269 1300 1289 1303 1290 1291 1289 1263 1250 1249 1249 1249 1248 1249 1247 1249 1217 1262 1205 1268 1165 1263 1164 1263 1164 1263 1140 1269 1123 1261 1084 1244 1083 1244 1082 1244 1082 1244 1038 1255 1019 1248 1018 1248 1017 1248 1017 1248 990 1260 969 1272 823 1272 786 1259 777 1256 776 1256 775 1256 774 1256 767 1259 725 1273 695 1263 694 1263 693 1263 692 1263 669 1269 617 1264 616 1264 615 1264 591 1276 541 1277 513 1269 512 1269 511 1269 462 1270 428 1256 421 1254 420 1254 419 1254 241 1255 243 1305"/></Shape>
	    <String CONTENT="Pangloss enseignait la métaphisico-theolo-cosmolo-" HPOS="241" VPOS="1244" WIDTH="1049" HEIGHT="83"/>
          </TextLine>

          
          
          <TextLine ID="eSc_line_de85327b" TAGREFS="LT2091" BASELINE="170 1340 272 1337" HPOS="170" VPOS="1310" WIDTH="102" HEIGHT="40">
            <Shape><Polygon POINTS="172 1331 170 1340 170 1350 246 1344 270 1348 272 1337 269 1310 179 1317 179 1319"/></Shape>
	    <String CONTENT="matto" HPOS="170" VPOS="1310" WIDTH="102" HEIGHT="40"/>
          </TextLine>

          
          
          <TextLine ID="eSc_line_afc0cbea" TAGREFS="LT2088" BASELINE="190 1371 1250 1366" HPOS="189" VPOS="1330" WIDTH="1061" HEIGHT="60">
            <Shape><Polygon POINTS="236 1339 227 1339 217 1339 214 1339 189 1343 190 1371 190 1381 261 1385 262 1385 301 1381 317 1379 321 1380 344 1390 344 1390 345 1390 346 1390 369 1380 370 1380 380 1384 381 1384 382 1384 400 1380 409 1378 454 1379 565 1383 566 1383 596 1378 605 1377 613 1378 648 1383 649 1383 650 1383 666 1377 669 1377 671 1377 711 1388 712 1388 713 1388 818 1378 838 1386 839 1386 840 1386 911 1378 967 1386 968 1387 1043 1387 1043 1386 1083 1379 1163 1386 1164 1386 1250 1372 1250 1366 1248 1347 1165 1347 1165 1346 1126 1330 1125 1330 1124 1330 1123 1330 1088 1346 1087 1346 1053 1346 1024 1346 992 1331 991 1331 961 1331 960 1331 959 1331 934 1343 886 1342 886 1342 885 1342 873 1345 865 1348 803 1347 800 1345 750 1332 749 1332 748 1332 615 1333 572 1343 548 1337 547 1337 546 1337 509 1344 484 1351 410 1351 393 1344 370 1336 369 1336 368 1336 332 1344 304 1351 270 1344 243 1338 236 1339"/></Shape>
	    <String CONTENT="&gt;" HPOS="189" VPOS="1330" WIDTH="1061" HEIGHT="60"/>
          </TextLine>

          
          
          <TextLine ID="eSc_line_20e4d5c0" TAGREFS="LT2088" BASELINE="204 1448 1001 1434 1288 1423" HPOS="203" VPOS="1386" WIDTH="1085" HEIGHT="77">
            <Shape><Polygon POINTS="204 1448 204 1463 259 1463 260 1463 261 1463 277 1454 305 1459 306 1459 307 1459 323 1451 374 1451 385 1456 386 1456 387 1456 388 1456 406 1451 546 1453 547 1453 581 1447 632 1451 672 1455 673 1455 674 1455 685 1450 691 1447 701 1450 716 1454 717 1454 718 1454 719 1454 732 1449 740 1445 754 1448 767 1451 768 1451 769 1451 777 1448 791 1442 825 1446 845 1448 846 1448 867 1445 888 1441 896 1444 902 1446 903 1446 1104 1447 1105 1447 1167 1436 1183 1440 1184 1440 1185 1440 1288 1432 1288 1423 1285 1386 1191 1387 1190 1387 1187 1388 1141 1402 1086 1391 1085 1391 1084 1391 1083 1391 1050 1406 928 1407 892 1397 880 1393 879 1393 878 1393 877 1393 867 1398 844 1407 807 1400 787 1395 786 1395 785 1395 774 1401 753 1412 699 1412 681 1406 680 1406 679 1406 563 1409 556 1406 537 1400 536 1400 535 1400 502 1401 501 1401 481 1409 478 1410 475 1409 460 1402 459 1402 459 1402 410 1402 409 1402 393 1412 378 1419 279 1420 263 1416 247 1410 246 1410 246 1410 203 1417 204 1448"/></Shape>
	    <String CONTENT="point d'effet sans cause, et que dans ce meilleur des" HPOS="203" VPOS="1386" WIDTH="1085" HEIGHT="77"/>
          </TextLine>

          
          
          <TextLine ID="eSc_line_6d24b13d" TAGREFS="LT2088" BASELINE="197 1515 462 1505 980 1500 1279 1484" HPOS="196" VPOS="1444" WIDTH="1083" HEIGHT="105">
            <Shape><Polygon POINTS="197 1515 197 1525 255 1525 256 1525 314 1549 315 1549 316 1549 503 1544 504 1544 532 1534 602 1542 603 1542 633 1541 634 1541 699 1515 700 1515 703 1515 768 1520 769 1520 828 1512 829 1512 853 1522 854 1522 855 1522 856 1522 882 1515 897 1519 898 1519 899 1519 933 1516 981 1532 982 1532 983 1532 984 1532 1043 1507 1061 1506 1066 1506 1066 1506 1107 1517 1108 1517 1109 1517 1110 1517 1136 1510 1150 1516 1151 1516 1152 1516 1153 1516 1182 1503 1182 1502 1279 1500 1279 1484 1276 1445 1235 1451 1215 1447 1201 1444 1200 1444 1199 1444 1192 1448 1179 1454 1165 1450 1164 1450 1164 1450 1163 1450 1145 1455 1126 1451 1110 1446 1109 1446 1108 1446 1061 1447 1060 1447 1040 1453 1001 1467 971 1460 970 1460 969 1460 954 1467 882 1465 881 1465 880 1465 868 1470 759 1473 724 1473 705 1466 676 1456 675 1456 674 1456 634 1457 633 1457 607 1469 588 1464 587 1464 586 1464 585 1464 565 1471 552 1476 539 1472 503 1462 502 1462 501 1462 500 1462 481 1467 438 1461 437 1461 436 1461 368 1479 356 1482 349 1480 311 1465 310 1465 309 1465 244 1466 243 1466 196 1484 197 1515"/></Shape>
	    <String CONTENT="mondes possibles, le Château de Monseign^r le baron était" HPOS="196" VPOS="1444" WIDTH="1083" HEIGHT="105"/>
          </TextLine>

          
        </TextBlock>
        

        
      </PrintSpace>
    </Page>
  </Layout>
</alto>
