1329 1734
50 25 37 54 5.

132 56 1147 76 et rougit. Candide rougit aussi ; elle lui dit bonjour d'une

129 138 1111 71 voix entrecoupée, et candide lui parla sans savoir ce

125 216 1156 74 qu'il disait. le lendemain après le dîner comme on

126 294 1151 65 sortait de table, Cunégonde et Candide se trouvèrent

111 377 1081 60 derrière un paravent ; Cunégonde laissa tomber son

129 451 1174 63 mouchoir ; candide le ramassa, elle lui prit innocemment

128 529 1163 63 la main. le jeune homme baisa innocemment la main

111 606 1182 71 de la jeune demoiselle, avec une vivacité, une sensibilité

132 682 1169 70 une grace toute particulière, leurs bouches se rencontrèrent

131 764 1116 58 leurs yeux s'enflammèrent, leurs genoux tremblèrent

131 836 1105 59 leurs mains s'égarèrent. Monsieur le baron de

127 907 1115 69 Thunder ten tronckh passa auprès du paravent, et

130 981 1149 71 voïant cette cause et cet effet chassa candide du

126 1052 978 71 château à grands coups de pied dans le derrière.

128 1129 1154 79 Cunégonde s'évanouït ; elle fut souflettée par madame

123 1216 1121 75 la baronne dès qu'elle fut revenue à elle même ; et tout

132 1293 1103 92 fut consterne dans le plus beau et le plus agréable des

131 1377 406 88 châteaux possibles.
