1329 1711
69 2 65 66 6.

265 54 704 98 Chapitre Second.

192 154 934 101 Ce que devint candide parmi les bulgares.

240 295 1026 91 Candide chassé du paradis terrestre, marcha

178 396 1114 60 longtemps sans savoir où, pleurant, levant les yeux au

175 467 1106 64 ciel, les tournant vers le plus beau des châteaux qui

178 527 1117 79 renfermait la plus belle des baronne >stes< ; il se coucha

176 603 1115 85 sans souper au milieu des champs entre deux sillons

180 685 1044 74 la neige tombait à gros flocons. Candide tout

188 765 1103 74 transi se traina le lendemain vers la ville voisine

192 839 1094 82 qui s'appelle Waldberghoff-trarbk dikdorf. il n'avait

191 927 1103 67 point d'argent et mourait de faim. la nécessité le

190 998 1090 67 contraignit d'aller demander l'aumône à la porte

192 1071 1054 71 d'un cabaret. deux hommes habillés de bleu le

193 1151 1060 69 remarquèrent. Camarade, dit l'un, voilà un jeune

192 1212 1036 85 homme très bien fait et qui a la taille requise. ils

196 1291 1018 67 s'avancèrent vers candide, et le prièrent à diner très

195 1363 1094 68 civilement. Messieurs, leur dit Candide, avec une modestie

193 1440 1083 75 charmante ; vous me faites beaucoup d'honneur, mais je

199 1523 1088 76 n'ai pas de quoi païer mon écot. Ah, Monsieur, lui dit
