1329 1715
88 40 44 55 4.

197 44 1107 71 bonheur d'être né baron de Thunder ten tronckh, le

181 114 1115 73 second degré de bonheur était d'être Mademoiselle

186 200 1094 63 Cunégonde, le troisième de la voir tous les jours,

185 269 1114 74 et le quatrième d'entendre maître Pangloss, le plus

182 353 1113 81 grand philosophe de la province, et par conséquent

158 429 398 69 de toute la terre.

227 501 1045 80 Un jour cunégonde en se promenant auprès du

175 576 1100 84 château, dans le petit bois qu'on appellait parc, vit

178 657 1091 69 entre des broussailles le docteur qui donnait une

174 735 1122 72 leçon de phisique expérimentale à la femme de chambre

165 821 1072 69 de sa mère, petite brûne très jolie et très docile.

181 898 1102 69 comme mademoiselle cunégonde avait beaucoup de

177 979 1114 70 disposition pour les sciences, elle observa sans soufler

180 1057 1089 78 les expériences réïterées dont elle fut témoin. elle vit

178 1130 1091 76 clairement la raison suffisante du docteur, les éffets

187 1206 1086 81 et les causes ; et s'en retourna toute agitée, toute

188 1287 1029 79 pensive, toute remplie du désir d'être savante,

185 1351 1081 86 songeant qu'elle pourait bien être la raison suffisante

186 1433 1016 96 du jeune Candide qui pouvait aussi être la sienne.

254 1502 1031 95 Elle rencontra Candide en revenant au chateau
