4267 6225
740.0 892.0 2547.0 187.0 aux plus importantes affaires de ce Royaume,

740.0 1054.0 2564.0 159.0 et me suis souvent estonné des vaines perquisiti=

737.0 1200.0 2578.0 166.0 ons que plusieurs curieux ont faictes de la majes=

737.0 1324.0 2567.0 190.0 té de celle qui fut autresfois la premiere ville

740.0 1483.0 2571.0 173.0 du monde, parmy les pierres et soubz des ruines,

733.0 1604.0 2592.0 187.0 dans lesquelles ilz ont creu qu'elle estoit ensevelie

744.0 1756.0 2571.0 177.0 comme si elle consistoit en bastimens que la ne=

744.0 1891.0 2557.0 194.0 ceſsité d'y loger une multitude de peuple, et le

737.0 2047.0 2609.0 180.0 nombre infini des esclaves qui y estoient emploi=

726.0 2182.0 2613.0 193.0 ez ont eslevez a une grandeur prodigieuse, n'est

737.0 2337.0 2595.0 177.0 il pas bien plus a propos d'admirer sa magnifi=

733.0 2500.0 2592.0 156.0 cence dans ces magistrats qui paroissent autant

737.0 2614.0 2599.0 176.0 de Roys aux yeux des Ambassadeurs des

740.0 2770.0 2589.0 183.0 princes estrangers et dans la quantité des pieces

744.0 2911.0 2602.0 149.0 rares dont l'Asie et une partie de l'Europe ont em=

737.0 3043.0 2595.0 176.0 belly cette superbe mere des maistres de l'univers

733.0 3185.0 2596.0 183.0 il n'est pas difficile a des personnes commodes

737.0 3347.0 2581.0 170.0 d'entasser plusieurs monceaux de pierres les unes

737.0 3482.0 2509.0 166.0 sur les autres pour bastir des edifices somptueux,

737.0 3613.0 2606.0 177.0 mais il faut avoir une puiſsance bien absolue pour

737.0 3766.0 2606.0 166.0 dépouiller des villes si fameuses de leurs plus ri=

737.0 3901.0 2623.0 172.0 ches ornemens, et obliger les excellents hommes de

744.0 4042.0 2578.0 173.0 ce temps la de ne rien produire qui ne fust dedié

740.0 4194.0 2578.0 166.0 a la gloire de Rome, auſsi voyons nous laplus=

740.0 4340.0 2554.0 166.0 part de ses superbes amphiteatres et des autres

733.0 4482.0 2509.0 162.0 monuments, renversez ou abandonnez a l'jniure

740.0 4623.0 2582.0 170.0 des saisons, mais ces reliques precieuses dont dont

740.0 4779.0 2599.0 190.0 i'ay faict un recueil sont en si grande veneration

3893.0 254.0 114.0 212.0 5
