4267 6312
715.0 925.0 2590.0 204.0 que vostre liberalité m'a permis de rassembler des

715.0 1083.0 2611.0 193.0 plus beaux ouvrages des Sculpteurs Anciens, puis

715.0 1230.0 2590.0 193.0 que ce n'est qu'une restitution de ce qui est à

719.0 1378.0 2604.0 175.0 Vous & une revolution de ce qui doit retourner à

712.0 1514.0 2502.0 200.0 son principe. Si mon travail vous satisfaict

708.0 1658.0 2622.0 186.0 Monseigneur il vous doit estre d'autant plus

715.0 1798.0 2604.0 193.0 agreable que vous le regarderez comme le fruict

712.0 1946.0 2632.0 193.0 d'une plante que vous avez eu la bonté de culti=

708.0 2107.0 2636.0 179.0 ver, et les deffauts que vous y remarquerez me se=

712.0 2240.0 2621.0 183.0 ront pardonnables ayans este commis dans une

712.0 2391.0 2642.0 172.0 saison que vous aviez destinée pour mes estudes,

712.0 2535.0 2642.0 168.0 Ceux qui ne considerent que la grace des cõtours,

712.0 2675.0 2635.0 182.0 la iestesse des proportions, et les autres parties du

712.0 2819.0 2635.0 196.0 dessein y rencontreront possible de quoy se contẽ=

712.0 2959.0 2625.0 193.0 ter, mais vous Monseigneur qui passez plus

708.0 3120.0 2597.0 169.0 avant, que la connoissance parfaicte que vous

712.0 3247.0 2625.0 186.0 avez de tous les misteres, des Ceremonies, des

708.0 3404.0 2678.0 186.0 Divinitez, et en general de toutes les representati=

708.0 3548.0 2643.0 158.0 ons des Anciens, descouvrirez dans cet ouvra=

722.0 3696.0 2622.0 189.0 ge plusieurs particularitez, qui iusques a ce jour

712.0 3839.0 2670.0 169.0 ont esté inconnües aux plus sçavants, J'ay tous=

712.0 3976.0 2646.0 172.0 iours eu, Monseigneur, une inclination tres forte

715.0 4127.0 2692.0 165.0 a rechercher ces belles curiositez et un de mes prin=

712.0 4267.0 2670.0 172.0 cipaux soings a esté d'assembler dans un volume

720.0 4397.0 2620.0 200.0 racourcy toutes ces marques des grandeurs de

712.0 4551.0 2656.0 179.0 l'Ancienne Rome affin que vous pussiez avec

712.0 4698.0 2660.0 197.0 facilité les prendre pour vostre divertissement

719.0 4853.0 2646.0 207.0 lors que vous donnez quelque moment de relache

3842.0 354.0 39.0 129.0 4
