4267 6296
696.0 930.0 2590.0 175.0 qu'elles sont en chassées dans les lieux plus ap=

693.0 1077.0 2586.0 164.0 parens des places publiques ou dans les princi=

700.0 1203.0 2572.0 192.0 paux pallais de l'Italie, si l'art avoit peu leur

686.0 1360.0 2604.0 172.0 donner le mouvement comme l'Esprit et les

686.0 1514.0 2607.0 178.0 belles expressions elles tiendroient compagnie à

689.0 1647.0 2587.0 175.0 tant de rares manuscripts qui viennent enrichir

693.0 1787.0 2604.0 168.0 vostre bibliotecque afin de rendre hommage avec

689.0 1930.0 2615.0 175.0 eux a celuy qui comble de bienfaicts les beaux Es=

693.0 2091.0 2593.0 175.0 prits, de nostre Siecle, et vous tesmoigneroient,

710.0 2217.0 2520.0 189.0 Monseigneur, la part qu'elles prennent aux

689.0 2374.0 2604.0 175.0 graces que vous avez departies a ceux de l'Aca=

682.0 2507.0 2527.0 172.0 demie Royalle dont vous estes le Protecteur,

689.0 2672.0 2545.0 171.0 puisque c'est par un ministere que ces grands

679.0 2808.0 2562.0 172.0 hommes dont elle est composée doivent arriver

686.0 2945.0 2579.0 175.0 au souverain degré de perfection que l'estude

682.0 3102.0 2601.0 161.0 de noz reliefs ne leur a peu faire entierement ac=

679.0 3245.0 2618.0 158.0 querir mais le poids et la solidité de leur matiere

668.0 3375.0 2594.0 178.0 les arreste dans une prison hõnorable, et tout ce

686.0 3529.0 2576.0 175.0 qu'elles peuvent faire est de se presenter a vous

672.0 3672.0 2576.0 175.0 dans ce petit volume ou j'ay encor laisse place

672.0 3816.0 2621.0 174.0 pour celles qui n'ont pas encore esté découvertes,

675.0 3959.0 2643.0 178.0 i'ay souvent eu la pensée de remplir le vuide qui

668.0 4092.0 2583.0 192.0 le faict iuger deffectueux, des tesmoignages de

672.0 4260.0 2628.0 161.0 ma reconnoissance, mais n'ayant peu treuver de

675.0 4389.0 2643.0 189.0 paroles assez expressives. Je laisse faire cet offi=

675.0 4526.0 2629.0 182.0 ce a noz Antiques, dont le Silence aura plus dé=

665.0 4690.0 2639.0 168.0 loquence que tous les remercimens que ie vous

679.0 4819.0 2604.0 235.0 pourrois faire de voz liberalitez. Il suffit

3768.0 283.0 142.0 220.0 6
