4267 5538
1179.0 1566.0 948.0 141.0 Monsieur le marquis,

975.0 1775.0 2226.0 184.0 C'est gâter, à mon avis, un autographe que

948.0 1925.0 2281.0 182.0 d'y inscrire des notes sur la feuille même. Aussi je

972.0 2052.0 2297.0 163.0 ne vous engage point à enter une note moderne

966.0 2175.0 2183.0 184.0 sur l'autographe de La Fontaine que vous a

972.0 2276.0 2109.0 222.0 donné le bon Mr Requier. Il a fallu qu'il

988.0 2415.0 2278.0 200.0 eût un grand intérêt de coeur à vous être aimable

994.0 2556.0 2238.0 197.0 pour avoir déchiré en deux la double feuille

994.0 2692.0 2167.0 212.0 qui contenaît deux fables de Maître jean : c'est

1000.0 2830.0 2217.0 185.0 altérer jusqu'à un certain point un monument

1000.0 2972.0 2214.0 206.0 légué par le temps ; mais enfin la pièce que vous

1003.0 3110.0 1995.0 191.0 m'avez montrée est entière. Rien de plus

1012.0 3221.0 2245.0 209.0 authentique. Cela vient des papiers de la duchesse

1015.0 3365.0 2236.0 219.0 de Bouillon à laquelle le fabuliste avait accoutumé

1025.0 3516.0 2136.0 209.0 d'offrir une copie de tout ce qu'il écrivait en

1043.0 3664.0 2131.0 184.0 vers. j'ai trouvé dans ces papiers une chemise

1046.0 3802.0 2143.0 188.0 intitulée de la main de cette spirituelle Mancini :

1068.0 3931.0 2146.0 219.0 Chats de Monsieur de la fontaine, et en effet, elle

1059.0 4073.0 2158.0 188.0 contenait >< toutes les fables qu'il a écrites

1055.0 4208.0 2026.0 216.0 sur les chats dont il connaissait si bien les

3140.0 678.0 64.0 175.0 2
