4267 6104
1563 356 2159 173 qu'elle puissance ont icy les Veutz ⁊ qu'Un

1558 483 2194 193 simple Vent peult changer les plus resoluz conseils.

1553 620 2260 183 Le grand Tresorier favorise fort ce secours de Calais

1563 742 2276 193 ⁊ nest point si mal dispose pour dez affaires comme

1553 864 2327 194 lon nous avoit faict entendre ie le Verray auiourdhuy

1563 976 2184 316 ⁊ Vous depescheray mecredy mon frere si Dieu

1573 1093 2194 219 pluist pour faire scavoir a Vre Ma^te ce qui se

1553 1205 1110 285 passera entre cy ⁊ la.

1542 2492 398 300 Sire

1578 2853 2169 224 Je prie Dieu assister Vrẽ Ma^té banyr ses labeurs

1573 3001 2032 315 ⁊ luy donner en parfaicte sante treslongue ⁊

1553 3087 2276 270 tresheureuse Vie. De Grünwisch ce 22 d'Apvril

1532 3280 250 285 1596

3698 375 88 10 18

2372 4125 1406 376 Vrẽ treshumble tresobeissant ⁊

2281 4313 1115 290 tresfidel subiect ⁊ serviteur

3309 4384 494 600 Savoy

3197 4608 87 341 8
