4267 6267
1128.0 1968.0 438.0 366.0 Sire,

1389.0 2047.0 2428.0 454.0 Le s^r de Mansac Con^er en vrẽ Parlement de Languedoc, sçaura

1441.0 2412.0 2455.0 214.0 si bien representer a V.M.^té l'estat de ceste province, qu'il n'est ia besoin

1424.0 2552.0 2393.0 177.0 que ie luy en escrive. Aussi n'en auroi-ie pour ceste heure beaucoup

1372.0 2649.0 2473.0 192.0 de subiect, toutes choses demourans calmes par l'attente des Deputéz,

1421.0 2771.0 2400.0 181.0 du tres desiré retour desquels chascun se promet l'entier repos de ce

1438.0 2872.0 2390.0 226.0 pays, Et l'establissem̃^t de vrẽ Authorité. Tout le monde, sire, se

1410.0 2983.0 2452.0 234.0 dispose asséz bien pardeça, Dieu mercy, a la recognoistre, et embraſſer

1420.0 3112.0 2340.0 209.0 vrẽ obeissance, A quoy fẽ Vrẽ Cour monstrera lexemple a vos

1399.0 3222.0 2413.0 219.0 autres subiectz, se conformant du tout a vrẽ volonté, ſoit qu'il

1421.0 3345.0 2438.0 244.0 plaise a V. M.^té luy commander de se rendre Incontinant en ſon

1382.0 3471.0 2501.0 223.0 antien siege, ou de s'arreſter icu plus longuem̃^t. Aussi se promet

1417.0 3575.0 2466.0 251.0 elle de vrẽ Roiale benignité, ſire, qu'ils traictéz de ceste province

1404.0 3676.0 2481.0 287.0 V. Ma^té aura eu esgard a ne rien accorder, qui diminue la dignité

1431.0 3822.0 2268.0 251.0 et splendeur d'une si notable compagnie de vos serviteurs

1428.0 3944.0 2281.0 234.0 lesquels seront par ce bien faict dautant plus encouragéz de

1424.0 4056.0 2372.0 261.0 continuer le tres humble service, qu'ils doivent a V. Ma^té.

1421.0 4184.0 2354.0 265.0 Je la supplie avec toute la devotion Et reverence qu'il m'eſt

1436.0 4313.0 2428.0 272.0 possible, sire, si tant eſt que lesdits accordz ne ſoient point

1396.0 4446.0 2386.0 229.0 encores arreſtéz Et signéz, de ne promettre rien au preiudice

1400.0 4560.0 2372.0 258.0 Et diminution de lauthorité de vrẽđ Cour, En faveur

1407.0 4700.0 2435.0 268.0 de laquelle, le rang que J'ay ceſt honneur d'y tenir, m'oblige

1389.0 4815.0 2240.0 287.0 de vous fẽ ceste tres humble requeſte. Au reſte

1403.0 4968.0 2449.0 251.0 Estant bruit que Monsieur le Cardinal de Joieuſe doit

1403.0 5104.0 2299.0 247.0 eſtre pris de V. Ma^té dans peu de Jours Je me ſuis

1403.0 5243.0 2449.0 219.0 advisé, sire, qu'il seroit tresexpedient pour lestabliſſem̃

1417.0 5372.0 2386.0 240.0 de vrẽ service dans Toloſe, de ladmoñeſter, qu'il ne

3729.0 1201.0 120.0 386.0 15

3441.0 5582.0 68.0 220.0 6
