4267 6162
1187.0 985.0 303.0 344.0 Sire

1215.0 1249.0 2637.0 246.0 ſuivant ſe quil a pleu a V.M. commander a M^r le cardinal de gondy

1212.0 1420.0 2671.0 216.0 ⁊ amoy ꝑ Vos lrẽs du 2^e de ſe mois ſur la converſion de Monſei=

1225.0 1578.0 2648.0 198.0 gneur le prince de conde. ie luy diray ꝙ leđ ſieur cardinal

1205.0 1742.0 2654.0 205.0 ariva iſsi Lundy pour commanſer ſe bon heure. ⁊ pour ſet efect

1229.0 1893.0 2671.0 174.0 il voulut ꝙ Madame la princeſſe Vit les lrẽs ꝙ V.M. luy eu eſcri >p<

1205.0 2019.0 2623.0 192.0 a ſelte fin ꝙ ꝑ iſelles elle ſust ſa Volonte ⁊ ꝑ meſme lexorta de

1212.0 2143.0 2613.0 201.0 aider a ſet acte ſi tant fust ꝙ monđ ſeigneur le prince ſe Randiſt

1222.0 2269.0 2658.0 209.0 dirr̃ect ſe ꝙlle a fort Volontiers embraſe comme ie Voy ꝙlle faict generalemãt

1219.0 2372.0 2619.0 226.0 font ſe ꝙlle entant de ſes Royales Volontes auxquelles elle norit ſi

1219.0 2478.0 2637.0 257.0 exactemant Monſeigneur ſon filſ ꝙil ſufist ꝙ lon luy die ꝙ Vous le Voules

1205.0 2598.0 2609.0 281.0 ainſi pour quil obeiſe a tout ſe ꝙ lon Veust de luy. donc Sire Monſ^r

1205.0 2714.0 2661.0 295.0 le cardinal ꝑ ſa propre bouche a commanſe a linstruire a quoy il la bonne

1195.0 2834.0 2650.0 294.0 ſi faſile ⁊ obeiſant qu'il a auſi tanst pris les propoſiſions ⁊ Remonstrãſes

1205.0 2964.0 2661.0 308.0 ꝙ lon luy a faictes ⁊ pris Reſoluſion daler a leglise ou il a fort Reſoluemãt

1202.0 3108.0 2667.0 281.0 Receu les ſeremonies dues ⁊ acoustumees en tel quas aiant auſi devotemãt

1212.0 3224.0 2626.0 291.0 oui la meſſe comme ſil y huſt esteacoustume des ſa naiſanſe ⁊ comme il est

1208.0 3351.0 2630.0 270.0 dun fort bel eſprit ⁊ curieux de ſavoir il ſest informe de la Reſon ⁊ cauſe

1208.0 3467.0 2617.0 284.0 de toute les ſeremonies les obſervant auſi pontuelemant comme ſil y hust

1208.0 3580.0 2603.0 305.0 este prepare de long temps il ſest trouve a ſet acte forſe ians paſagers

1215.0 3717.0 2610.0 274.0 ⁊ tout le peuple de ſe lieu qui a ſete oquaſion ont beni Vrẽ mag^te ⁊ prie

1208.0 3837.0 2596.0 288.0 dieu pour elle pour Une action tant digne delle. ⁊ ſuivant ſe ꝙ V.M.

1205.0 3950.0 2582.0 312.0 me commandat de luy donner Un homonnier ⁊ Vu chapelin connoiſant

1205.0 4094.0 2496.0 294.0 Un docteur fort honneste homme de bonnes meurs ⁊ fort fidele ⁊

1208.0 4197.0 2600.0 332.0 afectionne ſerviteur de V.M. comme le teſmongne ſes eſcrips ie lay

1192.0 4339.0 2638.0 337.0 prie de Venir aſiste iſſi pour continuer a linstruire de plus fort en plus

2215.0 272.0 124.0 169.0 +

3650.0 400.0 102.0 169.0 9

3249 4523 129 148 2
