4267 5879
976.0 553.0 2707.0 245.0 fort a Randre l'honneur quil doit adieu ⁊ a V. M. de laquelle il recoipt

950.0 747.0 2706.0 229.0 tant de faver honneur ⁊ bien qui est la creanſe ꝙ ie pretans luy

947.0 855.0 2705.0 255.0 donner le tamps quil luy plaira ꝙ ie ſoie aupres de luy. le docteur

963.0 1005.0 2712.0 275.0 ſe nomme filſsat ⁊ est chanoyne a nrẽ dame de paris. ie ſuplie auſi tres

960.0 1146.0 2669.0 294.0 humblemant V. M. de me faire tan d'honneur ⁊ grace de me donner

957.0 1303.0 2676.0 281.0 le ſieur de la bodrie pour estre aupres de monſeigneur le prince ꝑ ſe

970.0 1440.0 2637.0 287.0 ꝙ ie le ſay plin de toute fidelite ⁊ confianſe ⁊ ie tiendray cete grace

963.0 1567.0 2650.0 275.0 fort particuliere ꝑ ſe ꝙ le connoiſant comme ie le connoes tres capable

976.0 1704.0 2644.0 281.0 il me ſoulagera infiniemant pour linstituſion de monđ ſeigneur le

967.0 1842.0 2649.0 258.0 prince estant fort inteligant des bonnes lrẽs auſi ꝙ ie ſay quil ne

957.0 1972.0 2676.0 284.0 aderera iam̃ a aultre chanſe ꝙ a ſe qui ſera de ſon Roial ſervice ⁊ de

957.0 2096.0 2571.0 353.0 quoy ien ay lexperianſe aus affayres ou il a este emploie aupres de moy

971.0 3870.0 225.0 215.0 Sire

954.0 3958.0 2711.0 229.0 ie prie dieu donner a V. M. avecque acroeſemans destas ⁊ en treſbonne

936.0 4066.0 2688.0 299.0 ſancte treſlongue ⁊ tres hureuſe Vie De st germin en lay ce 18° iavier

936.0 4293.0 247.0 197.0 1596

1839.0 4252.0 1731.0 314.0 De V. S. ⁊ P. M. le treſhumble ⁊ tres

1836.0 4448.0 1009.0 183.0 obeiſant ſubget ⁊ ſerviteur

1761.0 4530.0 1460.0 300.0 De Vyvonne Marquis de piſany
