4267 6146
3683.0 189.0 66.0 277.0 35

1079.0 423.0 2713.0 184.0 personne, et ſes moyens põ les employer au ſervice de ſa Ma^te, en luy donnant la

1055.0 570.0 2723.0 160.0 [?]añ auctorite et forces põ ce convenables, et qui ſe ſont põſuivies et procurees

1072.0 693.0 2638.0 136.0 tant de fois, >mais< ſans aulcun fruict. Mais cependant eſtant la

1079.0 798.0 2702.0 158.0 despeñ quil convient faire a ſon Alteſſe põ la ſolde des gens de guerre neceſſẽ

1076.0 897.0 2678.0 175.0 et me[?]ſable ſpecialem̃ põ la Cavallerie, Il est treſrequis põ lentreteneñ

1065.0 1014.0 2713.0 177.0 dicelle et põ aulcunem̃ ſoulager ſes affligez ſubiectz, afin quilz ne [?]t

1062.0 1133.0 2699.0 174.0 point ſoubz le faiz quil plaiſe aſa Ma^te cõmander que ſon Altesse ſoit

1045.0 1256.0 2695.0 167.0 secourue de quelque ſomme de deniers, a ce que Une ſi bõne Cavallerie ne ſe

1055.0 1355.0 2146.0 198.0 perde point, qui en effect eſt la meilleure de toute la france.

1052.0 1471.0 2705.0 191.0 Jenvoye pardela tous les advis ꝙ ſon Altesse a du coſte de frañ dont le

1062.0 1601.0 2644.0 174.0 plus certain eſt que 59. arme et leve des gens de guerre de toutes partz. Et ꝙ

1045.0 1686.0 2740.0 215.0 a Chambery ſeſtoit descouvert Une Intelligeñ. Touteſfois ſon Altesse ne ſendort

1052.0 1816.0 2729.0 201.0 point en choſe que luy touche de ſi pres. Jenvoye auſſi un rapport de

1038.0 1929.0 2743.0 215.0 franciſque de la Torre, qui ſeſt retourné. Espion vrayement double

1031.0 2062.0 2757.0 198.0 Mais peult eſtre en pourra on tirer quelque profict qui corrigera le paſſe

1048.0 2178.0 2740.0 198.0 Jenvoye pareillem̃ un aultre advis de ce qui ſe paſſe a Seurre en bougongne

1021.0 2297.0 2754.0 198.0 Plus un pacquet de lres̃ de la main de leurs Alteſſes põ ſa Ma^te. par leſquelles

1045.0 2431.0 2692.0 170.0 et par ceſt abbrege, et aues̃ papiers que Jenvoye par Marco Humilio vo^z

1035.0 2557.0 2712.0 171.0 verrez, Meſſieurs, tout ce qui meſt venu de Turin. Attendant quel plaiſe

1014.0 2680.0 2730.0 150.0 a ſa Ma^te me donner permiſſion de me rendre a ſes piedz, et luy prepntẽr ce

1024.0 2803.0 2751.0 157.0 que ſon Alteſſe me cõmande luy dire de bouche, et a vo^z aultreſ Meſſieurſ

1011.0 2915.0 2757.0 202.0 leſꝙtz Je ſupplie de me fẽ võz faveurs accouſtumees. avec la pluſ grande

1028.0 3032.0 1178.0 259.0 celerite quil ſera poſſible

3278.0 4583.0 179.0 579.0 20
