4267 6004
940.0 1334.0 2696.0 197.0 Sommaire de la depeſche de ſon Alteſſe des 24 et 27 octobre venue par les galeres et

931.0 1465.0 551.0 191.0 receu le 20 no.^bre

1684.0 1440.0 1952.0 177.0 Depuis que ſon Altesse meut cõmande d'aller aux piedz de ſa

940.0 1547.0 2663.0 207.0 Ma^te et luy rendre graces Infinies põ ſes dernieres respoñ. Et põ les grandes faveurs quil

2373.0 1651.0 66.0 95.0 luy

964.0 1647.0 2659.0 214.0 offre tant aux pere et mere ꝙ aulx enfans, et põ donner compte de bouche d'aulcunes choſes

954.0 1757.0 2649.0 204.0 ſon Alteſſe dict que en france Monẜ de Gacot avoit parle au Roy. Et que de ce ꝙ ſon Alteſſe

947.0 1854.0 2682.0 210.0 avoit cherche de rabiller alcunes conditions Ja reſolues, et procurer de les meliers ſuivant

950.0 1944.0 2673.0 237.0 lopinion et avis de ſa Ma.^te Il en estoit ensuyvy >une< ꝙ le roy de france leſt

947.0 2068.0 2646.0 186.0 avoit auſsi alterees de son coste, mettant en avant ꝙ põ lauctorité et reputaoñ de ceſte Courõne

950.0 2168.0 2676.0 160.0 Il estoit auſſi peu convenable de renoncer librement au Marquisat. sans aulcune espece de

950.0 2251.0 2676.0 193.0 recongnoissañ. et ꝙ les deux places de Cental et Chaṽ Dauphin luy fuſſent du tout rendues

950.0 2334.0 2653.0 217.0 puis ꝙ ſon Alteſſe ny accort aulcun droict. ſur qyoy depuis quilz allerent en demandes et

960.0 2428.0 2663.0 227.0 respoñ. Monſtrant touſiõs le roy beaucoup dinclinaoñ et deſir de trouver des moyens pour

960.0 2508.0 2663.0 237.0 ſe mettre en paux avec ſon Alteſſe, propoſa q̃ ces difficultez ſe remiſſent au Pape, et que par

957.0 2618.0 2659.0 210.0 ſon arbitrage le tout demeuraſt applany avec cõmune ſatisfaction et reputaõn de part et

964.0 2708.0 2665.0 213.0 d'aultre. A quoy ayant leđ Jacob reſpondu quil n'avoit aultre cõmiſſion, ny ne pouvoit traicter

967.0 2801.0 2676.0 217.0 aultre choſe contre la capitulaoñ que deſſus. le Roy luy diſt quil estoit contrainct de ſen aller

970.0 2911.0 2596.0 201.0 a Rouan, et qu'il traictaſt avec Monẜ de bellievre et ſillery, lesquelz il laissoit põ ceſt effect.

967.0 3002.0 2662.0 196.0 Et entendant leđ Jacob quilz debvoient persister en ce ꝙ le Roy luy avoit dict. Depescha

957.0 3092.0 2662.0 200.0 Incontm̃ Un ſecreſẽ vers ſon Alteſſe. Diſant que puis quil ne pourroit reſouldre aultre choſe

957.0 3205.0 2662.0 180.0 Il procureroit d'allonger la treve deux mois durant laquelle ſon Alteſſe peuſt avec l'adviz

960.0 3295.0 2606.0 187.0 et layde de ſa Ma^te, conſiderer et prendre la reſolution qui ſeroit la plus convenable. On

967.0 3392.0 2649.0 163.0 eſcrit de france a ſon Alteſſe, et de toutes partz il le ſcaict certainem̃ que Veniſe et Florence

967.0 3492.0 2649.0 163.0 ont joue de lẽ reſte põ deſtourber la paix, a ce ꝙ les francois ne ſoient point tant excluz

967.0 3559.0 2636.0 190.0 d Italie, ayant particulierem̃ gagne. 59 Et plaise encore a dieu que le legat

970.0 3659.0 2659.0 186.0 du Pape ayt clairem̃ jugé. ſon altesse repñte que quand bien sa Ma^te (le contentem̃ et

964.0 3755.0 2689.0 187.0 ſervice de laquelle elle est resolue de preferer tousiours au sien propre) ny auroit poinct d'intere

964.0 3862.0 2652.0 177.0 la difficulté et estat pñt des affaires, et le bien et conservaoñ de ses subiectz le pourroient

960.0 3952.0 2663.0 184.0 obliger a ne perdre point loccaoñ dune paix ſi neceſſẽ, et prendre les conditions quon luy

970.0 4052.0 2649.0 187.0 donne. puis ꝙ lors que son Altesse les pouvoit donner. Il neut pas ce bon rencontre que

967.0 4152.0 2692.0 194.0 de trouver ſa Ma^te disposée a y respondre ce que depuis elle luy fit ceſt hõneur d'ordõner

964.0 4269.0 2662.0 173.0 avec ſi grand contentem̃ de ſon Alteſſe, que pđ ce elle baise mille fois les mains a ſa

954.0 4366.0 2695.0 190.0 Ma.^te Mais ne voulant ſon Alteſſe en la tourmente ou elle ſe trouve ny en toutes choſes

977.0 4479.0 2639.0 177.0 avoir aultre [?]ort au monde que ſa Ma^te Il la ſupplie de cõmander que le plus

974.0 4579.0 2655.0 184.0 promtem̃ ꝙ fẽ ſe pourra, il luy soit donne respoñ et resoluoñ sur ce poinct. Par ce

967.0 4669.0 2669.0 190.0 les choses paſſans par lordonnañ et adreſſe de ſa Ma^te le pire party que ſcauroit prendre

974.0 4776.0 2669.0 193.0 ſon Alteſſe luy sera tousiõs le plus aſſeure et certain. Et parce ꝙ ſur l'incertitude de

964.0 4896.0 2652.0 174.0 la paix il est convenable et neceſſẽ põ le plus scur de ſappreſtes et premunir põ la

974.0 4999.0 2675.0 194.0 guerre. ſon Alteſſe replicq̃ resoluem̃ et ſans aulcune eſpoir de myſtere ny artifice

1006.0 5108.0 2639.0 180.0 ꝙ de la pure raiſon et ſervice de ſa Ma^te. bien et ſeurete de ſes eſtatz que humaiñ

990.0 5230.0 2633.0 156.0 elle ne se pourra premettre de ses In[?]z aulcun ſervice ny fidelite ſinon en

987.0 5330.0 2532.0 213.0 faiſant la guerre en la maison d'aultruy. Auquel cas ſon Altesse offre ſa

1728.0 1134.0 660.0 190.0 Sommaire
