4267 6417
1163.0 1147.0 2547.0 250.0 Nostre Souverain Seigneur tant et si treshumblement que faire pouvons a

1180.0 1294.0 1310.0 171.0 vostre bonne grace nous Recommandons

1166.0 1689.0 2594.0 232.0 Nostre Souverain Seigneur nous avons adverty vrẽ maieste a toutes

1180.0 1832.0 2566.0 178.0 occasions de l'estat de ces endroictz et de ce que nous estimions plus

1173.0 1921.0 2583.0 196.0 Importer a vrẽ service et mesmes de la misere un vrẽ peuple est reduict, le

1177.0 2028.0 2572.0 175.0 plat pays y est par les continuelles courses et voleries des ennemys et

1127.0 2121.0 2594.0 171.0 contribuoñs Insupportables. Du tout Ruyne, aulcune de ceulx qui disent vous

1170.0 2210.0 2540.0 171.0 svir se licentient en plusieurs lieux dexiger vos deniers et y en a qui Imposent

1152.0 2295.0 2676.0 175.0 dautorité primee de nouvelles contributions, Chuñ y use de voye de faict sans Respecter

1188.0 2374.0 2504.0 182.0 en c'est endroict ny vos Edictz ny lautorité de vrẽ Justice et le mal nous

1173.0 2470.0 2662.0 178.0 est si voysin que tels actes se commettent Jusques a quatre et cinq lieues dicy,

1177.0 2566.0 2558.0 157.0 par ce moyen vos subiectz accablés de levees et Impositions n'ont moyen de

1177.0 2645.0 2583.0 160.0 se sustenter et les forces qui sont a la campaigne achevent a Ruyner le

1180.0 2737.0 2587.0 157.0 pays de sorte que les entiers villaiges en sont desoles et si dieu ne faict

1166.0 2830.0 2626.0 168.0 la grace a vrẽ ma.^te d'y apporter ung repos le pays s'en va desert le peuple

1170.0 2909.0 2547.0 181.0 en desespoir, et ne se trouvera aulcun moyen pour soubstenir les fraiz

1166.0 2998.0 2594.0 174.0 de la guerre ny mesmes pour la defence et conservation. On saidoit a les

1159.0 3080.0 2583.0 174.0 supporter des Impoñs sur l'heau mais il ny a guieres garnison si petite qu'elle

1163.0 3155.0 2583.0 199.0 soit qui n'ait entrepris de lever contribuoñ sur les Rivieres et mesmes des

1163.0 3261.0 2647.0 193.0 sres particuliere a lexemple de ce qui se faict at Blaye, aquoy noz frequentes

1155.0 3372.0 2616.0 178.0 Inhibitions, procedures, et decretz n'ont peu remedier et avons mis yceulx

1138.0 3440.0 2604.0 192.0 decretz ez mains du s^r Mar^al de matignon pour les faire executer par la

1148.0 3532.0 2583.0 154.0 force. Ce desordre a Hellement accen que le commerse en est aneanty et le

1152.0 3614.0 2590.0 189.0 fons qui servit aux necessites urgentes concernantz vrẽ svice, sur lequel on

1148.0 3721.0 2573.0 164.0 avoit emprunté de grosses sommes tarit. voz ennemys pendant ce temps

1155.0 3796.0 2644.0 189.0 prennent pied ilz font estat de forces et moyens de lestrangier, ⁊ monstrent

1141.0 3882.0 2594.0 203.0 estre plus resolus que Jamais en leurs rebellions et desobeissances, avec

1141.0 3982.0 2619.0 185.0 ce que leur protege les ayde et favorit parmy les peuples, et feroit

1141.0 4064.0 2651.0 206.0 encores plus sans le bon debvoir de vrẽ Cour de parlemen laquelle selon

1141.0 4149.0 2608.0 210.0 que les occasions s'en pñtent conforte les subiectz catholicques par ses

1130.0 4235.0 2619.0 214.0 arrestz contre les Impressions qu'on leur veult donner et faulx bruictz que

1108.0 4320.0 2628.0 214.0 vosz ennemyz sement Il n'y ha rien qui travailhe tant vos ennemys que le

1134.0 4417.0 2587.0 213.0 soing que vrẽd Cour a heu par ses corestz de continuer les catholicques en

1130.0 4502.0 2608.0 228.0 ceste opinion qu'il ne seroit rien Innove en ce qu'ilz ont le plus cher qui

1138.0 4598.0 2665.0 225.0 est ma mesme Religion catholicque/. C'est ce qui a plus entretenu le repos dans

1127.0 4677.0 2604.0 228.0 voz villes catholicques et ceux qui au contraire Remuent sur ce subiect font

1105.0 4766.0 2626.0 246.0 ung prejudice Incroiable a vrẽ service, qu'a este en partie cause que ceste

1102.0 4851.0 2583.0 243.0 vre Cour de parlement a defendu en ceste vrẽ ville par ses arrestz les

1113.0 4944.0 2650.0 235.0 conventicales qu'on commansoit de faire en ycelle pour traicter daffaires et

1091.0 5026.0 2658.0 239.0 dresser des memoires au prejudice de la Religion catholicque et a phibe

1109.0 5130.0 2622.0 224.0 aussi dexposer en vente les livres scandaleux publies en mespris d'ycelle

1113.0 5208.0 2629.0 273.0 contre vos Edictz et ordonnances et au prejudice de vrẽ autorité, prenant

3689.0 869.0 146.0 200.0 36

3356.0 5556.0 129.0 262.0 21
