4267 5779
1236.0 1874.0 2379.0 187.0 pourveut aux Chaires de ses Eglises, que de Predicateurs

1223.0 2013.0 2417.0 170.0 paisibles, Et amateurs du bien, honneurz, Et tranquillité de la

1204.0 2141.0 2257.0 183.0 france, sans permettre qu'ils se licentient a prescher rien

1266.0 2263.0 2379.0 183.0 contraire a la Pragmatique sanction, et Concordats de ce

1223.0 2407.0 2408.0 161.0 Roiaume, Ni a vos Ordonnances, Comme Ils ont faict par

1207.0 2523.0 2379.0 202.0 le passe, taschant de ravaller l'authorité de Vrẽ Cour

1197.0 2661.0 2533.0 183.0 souveraine, soubs pretexte de la Bulle qu'ils appellent, In coena

1223.0 2793.0 2355.0 188.0 Domini. Quelque atteinte, sire, qu'en pourra V. Ma^té.

1213.0 2921.0 2463.0 190.0 donner bien a propos audit s^r Cardinal, ne pourra estre que

1181.0 3056.0 2459.0 170.0 fort utile au bien de Vrẽ service, Et contentem̃ de vos

1223.0 3191.0 2414.0 176.0 meilleurs Et plus affectionnéz serviteurs. Et m'asseurant, sire

1216.0 3319.0 2338.0 196.0 que vrẽ Ma^té. me faict cest honneur de me tenir en

1271.0 3472.0 2485.0 231.0 ce nombre, voire des premiers, Je prieray Nostre seigneurs

1247.0 4382.0 270.0 207.0 Sire

1258.0 4610.0 2370.0 192.0 Qu'il face florir vostre sceptre sur vos Ennemis

1303.0 4761.0 2366.0 183.0 Et vous conserve autant d'heureuses années que

1256.0 4916.0 766.0 265.0 vous en desire

679.0 5263.0 987.0 178.0 A Castel sarrasin Ce

712.0 5258.0 911.0 212.0 dernier de feb^er 1596

2167.0 5167.0 1575.0 178.0 Vrẽ treshumble tresobeyssant ⁊ tresfidel

2398.0 5287.0 592.0 198.0 serviteur ⁊ subject

2985.0 5258.0 752.0 203.0 Pdufaur

3356.0 5384.0 241.0 207.0 de sJory

3689.0 5388.0 112.0 114.0 3
