4267 5879
1025.0 475.0 2251.0 191.0 Mais Vrẽ Ma^te en pourra parler avec luy ⁊ les

1038.0 610.0 2320.0 190.0 occaſions quand Une fois il ſera prez de Vre Ma^te

1022.0 741.0 2326.0 189.0 Vous pourront donner ce que toutz les diſcours ⁊

1048.0 868.0 2235.0 183.0 toutes les raiſons du monde ne pourroyent faire.

1038.0 992.0 2314.0 226.0 Cependant parceque ie Veoy qu'il ſe promet beaucoup

1048.0 1126.0 2108.0 229.0 de ſon Voyage ie luy ay propoſe que le Vray

1048.0 1283.0 2255.0 190.0 moyen pour le faire a ſon aiſe, ſeroit de faire

1052.0 1414.0 2309.0 199.0 avec la Royne que preſentement elle Voulust Vous

1045.0 1580.0 2134.0 186.0 ſecourir de trois ou quatre mille hommes

1058.0 1717.0 2235.0 193.0 ſouldoyez pour quatre ou cinc mois avec leſquelz

1058.0 1864.0 2274.0 190.0 ⁊ le reste de Voz forces Vous penſsiez maintenir

1035.0 2015.0 2307.0 205.0 les choſes en eſtat en attendant qu au retour de

1045.0 2171.0 2245.0 209.0 ſon Voyage Vous peuſsiez ioignant toutes Voz

1035.0 2338.0 2193.0 199.0 forces avec celles de la Royne >Vous penſsiez<

1009.0 2492.0 2313.0 238.0 entreprendre choſe digne de deux ſi grandz Roys.

999.0 2652.0 2264.0 222.0 il ſe promet que cela ſera aiſe a obtenir ⁊ que

989.0 2812.0 2261.0 183.0 le baron de Borros qui Va maintenant avec

957.0 2972.0 2421.0 205.0 luy en france commanderoit ce qui ſeroit ordonne

973.0 3109.0 2339.0 206.0 pour cest effect. Il est courageulx mais fort

963.0 3269.0 2317.0 209.0 altier, ſi Vrẽ Ma^te le careſse ⁊ luy faict

960.0 3435.0 2366.0 196.0 Un peu d honneur, i'eſpere quelle en ſera bien

947.0 3586.0 2411.0 186.0 ſervye. Je Veoy bien la peine ⁊ le mal qu'a

950.0 3746.0 2402.0 176.0 Vrẽ Ma^te qui m afflige de tant plus que ie nay

960.0 3886.0 2379.0 177.0 cest heur d'y estre pour y porter ce que ie doibs

950.0 4033.0 2382.0 190.0 Mais au nom de Dieu commandez que iaye tout

954.0 4177.0 2176.0 287.0 les iours de Voz nouvelles. Car Vous Veoyez
