4267 6267
1511.0 445.0 255.0 174.0 Sire

1598.0 579.0 2214.0 204.0 J'ay trouve arrivant ſamdy a Londres que ſur un

1508.0 668.0 2320.0 226.0 bruit venu ie ne ſcay dou, que la citadelle de Calais

1511.0 790.0 2369.0 202.0 fust rendue, les hommes ordonnez pour le ſecours avoyent

1508.0 891.0 2354.0 205.0 este contremandez. Vrẽ Ma^té aura ſceu par Monſieur

1508.0 1006.0 2274.0 216.0 de Sidnay ⁊ par la lrẽ que ie Vous eſcrivys lun

1504.0 1131.0 2327.0 230.0 par un meſsagier exprez que ſur laſseurance que ie

1508.0 1239.0 2386.0 233.0 leur donnay a mon arrivee que la citadelle tiendroit

1508.0 1350.0 2372.0 265.0 encore tout ieudy, il fust promptement et dez la

1504.0 1507.0 2247.0 219.0 nuict du ſamedy au dimanche ordonné que

1511.0 1615.0 2264.0 244.0 nouvelle levee ſeroit faicte, et que ſecours vous

1504.0 1747.0 2341.0 268.0 ſeroit envoye en toute diligence. Mais vous n avez

1508.0 1873.0 2354.0 264.0 promptement de Douvres que trois mille hommes

1511.0 1994.0 2358.0 296.0 ⁊ mille de la Rne. Vray est que Monſieur le

1532.0 2130.0 2355.0 293.0 Comte d'eſsex eſpere qu'il pourra encores estre renforce

1522.0 2290.0 2344.0 269.0 de deux mille cinc cens Vieulx ſoldatz Anglois ſoubz

1511.0 2444.0 2362.0 254.0 la charge du ſieur Vere qui faict ordonnez pour

1504.0 2569.0 2351.0 261.0 larmee de mer ⁊ doibvent maintenant estre

1504.0 2698.0 2334.0 285.0 a flexingen. La Royne m'envoya querir lun

1497.0 2854.0 2425.0 286.0 apreſ diſner contre mon eſperance ⁊ me donna audience

1498.0 2976.0 2408.0 303.0 ⁊ me ſemble quelle est bien diſpoſee de Vous ſecourir

1501.0 3140.0 2365.0 289.0 Mais ie ne luy parlay point du tout demployer

1525.0 3283.0 2306.0 289.0 ſon armee de mer en france pour avoir appris

1519.0 3389.0 2304.0 339.0 que le Comte est celuy qui plus embraſse ce

1514.0 3546.0 2376.0 318.0 Voyage qu'il y est entré en grandes advances

1543.0 3707.0 2347.0 289.0 ⁊ ne pourroit recepvoir plus grand deſplaiſir que

1514.0 3848.0 2376.0 298.0 ſi ce Voyage ſe rompoit. Je nen ay doncques point

1483.0 4003.0 2407.0 275.0 Voulu parler a la Royne pour le commencement

1494.0 4167.0 2368.0 279.0 de peur qu'offenſant ledict Comte, ie ſecours preſent

1494.0 4303.0 2344.0 327.0 qui ſans luy ne ſe fust point faict, fust retardé.

3734.0 313.0 109.0 157.0 17

3520.0 4595.0 62.0 402.0 7
