<?xml version="1.0" encoding="UTF-8"?>
<alto xmlns:xsi="http://www.w3.org/2001/XMLSchema-instance"
      xmlns="http://www.loc.gov/standards/alto/ns-v4#"
      xsi:schemaLocation="http://www.loc.gov/standards/alto/ns-v4# http://www.loc.gov/standards/alto/v4/alto-4-2.xsd">
  <Description>
    <MeasurementUnit>pixel</MeasurementUnit>
    <sourceImageInformation>
      <fileName>Français 2394_f27.jpg</fileName>
      
    </sourceImageInformation>
  </Description>
  
  <Tags>
    <OtherTag ID="BT6123" LABEL="text" DESCRIPTION="block type text"/><OtherTag ID="BT6111" LABEL="DropCapitalZone" DESCRIPTION="block type DropCapitalZone"/><OtherTag ID="BT6110" LABEL="DigitizationArtefactZone" DESCRIPTION="block type DigitizationArtefactZone"/><OtherTag ID="BT6109" LABEL="DecorationZone" DESCRIPTION="block type DecorationZone"/><OtherTag ID="BT6108" LABEL="DamageZone" DESCRIPTION="block type DamageZone"/><OtherTag ID="BT6121" LABEL="TitlePageZone" DESCRIPTION="block type TitlePageZone"/><OtherTag ID="BT6120" LABEL="TableZone" DESCRIPTION="block type TableZone"/><OtherTag ID="BT6119" LABEL="StampZone" DESCRIPTION="block type StampZone"/><OtherTag ID="BT6118" LABEL="SealZone" DESCRIPTION="block type SealZone"/><OtherTag ID="BT6117" LABEL="RunningTitleZone" DESCRIPTION="block type RunningTitleZone"/><OtherTag ID="BT6116" LABEL="QuireMarksZone" DESCRIPTION="block type QuireMarksZone"/><OtherTag ID="BT6115" LABEL="NumberingZone" DESCRIPTION="block type NumberingZone"/><OtherTag ID="BT6114" LABEL="MusicZone" DESCRIPTION="block type MusicZone"/><OtherTag ID="BT6113" LABEL="MarginTextZone" DESCRIPTION="block type MarginTextZone"/><OtherTag ID="BT6112" LABEL="MainZone" DESCRIPTION="block type MainZone"/>
    <OtherTag ID="LT2098" LABEL="default" DESCRIPTION="line type default"/><OtherTag ID="LT2096" LABEL="InterlinearLine" DESCRIPTION="line type InterlinearLine"/><OtherTag ID="LT2095" LABEL="HeadingLine" DESCRIPTION="line type HeadingLine"/><OtherTag ID="LT2094" LABEL="DropCapitalLine" DESCRIPTION="line type DropCapitalLine"/><OtherTag ID="LT2093" LABEL="DefaultLine" DESCRIPTION="line type DefaultLine"/>
  </Tags>
  
  <Layout>
    <Page WIDTH="1539"
          HEIGHT="2110"
          PHYSICAL_IMG_NR="4"
          ID="eSc_dummypage_">
      <PrintSpace HPOS="0"
                  VPOS="0"
                  WIDTH="1539"
                  HEIGHT="2110">
        
        <TextBlock HPOS="23"
                   VPOS="75"
                   WIDTH="1308"
                   HEIGHT="1710"
                   ID="eSc_textblock_f9e9a03f"
                   TAGREFS="BT6112">
          <Shape><Polygon POINTS="84 75 186 75 234 117 286 131 1232 121 1299 75 1326 79 1331 130 1256 192 1246 248 1260 491 1237 562 1223 839 1223 922 1251 1036 1223 1326 1246 1528 1246 1761 323 1785 28 1752 23 257 32 173 60 93 84 75"/></Shape>
          
          
          <TextLine ID="eSc_line_3a5dd9aa"
                    TAGREFS="LT2093"
                    BASELINE="39 201 1229 191" 
                    HPOS="38"
                    VPOS="141"
                    WIDTH="1191"
                    HEIGHT="82">
            <Shape><Polygon POINTS="39 201 39 219 113 214 140 219 166 223 167 223 211 219 262 213 273 219 282 223 283 223 285 223 410 222 411 222 423 218 442 211 514 218 544 220 545 220 558 218 586 211 604 218 612 220 613 220 614 220 669 216 720 214 768 216 814 219 815 219 830 216 877 206 991 206 1228 214 1229 191 1225 157 1146 157 1115 141 1114 141 1113 141 1070 143 1069 143 1045 153 1026 145 1025 145 971 143 970 143 968 143 937 155 903 144 902 144 832 144 831 144 756 145 755 145 714 162 710 164 706 162 687 158 686 158 685 158 683 158 666 164 660 165 654 164 641 159 640 159 639 159 584 165 563 166 546 165 468 157 466 157 396 167 390 167 387 167 357 158 356 158 355 158 297 168 293 168 290 168 242 151 241 151 240 151 239 151 201 160 160 154 159 154 158 154 119 171 38 171 39 201"/></Shape>
	    <String CONTENT="Encore que vous n&#x27;ayez Consulté Ces pe-"
                    HPOS="38"
                    VPOS="141"
                    WIDTH="1191"
                    HEIGHT="82"></String>
          </TextLine>

          
          
          <TextLine ID="eSc_line_5ac4c9bd"
                    TAGREFS="LT2093"
                    BASELINE="28 298 1218 289" 
                    HPOS="26"
                    VPOS="234"
                    WIDTH="1192"
                    HEIGHT="88">
            <Shape><Polygon POINTS="28 298 28 322 137 310 161 317 163 317 164 317 249 308 261 315 262 315 263 315 265 315 373 307 401 314 402 314 403 314 404 314 428 304 490 304 509 312 510 312 511 312 593 304 641 316 642 316 643 316 645 316 663 310 706 315 707 315 773 302 845 302 865 310 866 310 868 310 1041 301 1068 312 1069 312 1070 312 1072 312 1217 310 1218 289 1215 248 1013 255 1002 249 1000 248 999 248 998 248 997 248 975 250 919 256 887 252 875 249 873 249 872 249 868 252 856 256 843 252 829 247 828 247 826 247 796 252 764 259 719 259 706 253 695 249 694 249 693 249 670 254 649 257 635 254 568 234 567 234 473 234 472 234 421 246 398 235 397 235 326 235 324 235 245 236 243 236 200 249 179 242 178 242 177 242 175 242 134 253 114 247 113 247 112 247 111 247 79 260 72 262 26 261 28 298"/></Shape>
	    <String CONTENT="intres d&#x27;Italie Et de grece, que vous n&#x27;ayez"
                    HPOS="26"
                    VPOS="234"
                    WIDTH="1192"
                    HEIGHT="88"></String>
          </TextLine>

          
          
          <TextLine ID="eSc_line_71716ec8"
                    TAGREFS="LT2093"
                    BASELINE="29 397 1225 382" 
                    HPOS="26"
                    VPOS="332"
                    WIDTH="1199"
                    HEIGHT="85">
            <Shape><Polygon POINTS="29 397 29 411 211 417 212 417 293 410 351 405 370 410 389 414 390 414 391 414 392 414 403 410 412 405 469 409 518 412 519 412 543 409 585 402 628 407 651 411 652 411 675 407 724 400 818 405 819 405 859 398 934 406 940 406 941 406 943 406 944 406 970 397 1066 397 1095 405 1096 405 1097 405 1100 405 1163 395 1223 404 1225 382 1222 349 887 351 876 345 868 342 866 342 865 342 844 345 821 350 792 345 764 341 763 341 762 341 761 341 755 345 749 349 730 345 672 332 670 332 585 335 584 335 557 344 547 346 517 343 509 343 507 343 506 343 505 343 468 358 392 358 357 358 316 342 306 338 304 338 213 338 212 338 211 338 202 342 184 349 157 341 151 339 150 339 148 339 26 339 29 397"/></Shape>
	    <String CONTENT="esté n&#x27;y le copiste de leurs Ouvrages n&#x27;y"
                    HPOS="26"
                    VPOS="332"
                    WIDTH="1199"
                    HEIGHT="85"></String>
          </TextLine>

          
          
          <TextLine ID="eSc_line_c73b0e07"
                    TAGREFS="LT2093"
                    BASELINE="32 492 1242 477" 
                    HPOS="30"
                    VPOS="430"
                    WIDTH="1212"
                    HEIGHT="82">
            <Shape><Polygon POINTS="32 492 32 512 126 504 195 509 215 511 217 511 241 508 313 501 424 505 487 507 489 507 527 504 559 500 579 502 600 505 601 505 602 505 613 501 626 498 651 501 680 505 681 505 714 500 735 497 750 499 774 504 775 504 798 498 811 494 917 494 923 497 937 501 938 501 939 501 940 501 959 495 964 494 994 494 1139 499 1140 499 1141 499 1142 499 1153 492 1155 491 1242 491 1242 477 1238 446 1079 446 1072 445 1021 430 1020 430 1019 430 1018 430 990 444 982 447 899 444 898 444 862 450 818 444 817 444 790 448 757 443 715 434 714 434 713 434 689 441 682 444 675 441 643 430 642 430 641 430 547 440 530 443 521 440 492 432 491 432 404 432 403 432 377 433 376 433 364 439 334 457 306 457 253 445 252 445 193 448 170 438 164 436 163 436 161 436 30 437 32 492"/></Shape>
	    <String CONTENT="le Censeur de leurs desseins Et Coloris ; vo-"
                    HPOS="30"
                    VPOS="430"
                    WIDTH="1212"
                    HEIGHT="82"></String>
          </TextLine>

          
          
          <TextLine ID="eSc_line_62b5adce"
                    TAGREFS="LT2093"
                    BASELINE="29 584 1202 577" 
                    HPOS="29"
                    VPOS="519"
                    WIDTH="1173"
                    HEIGHT="90">
            <Shape><Polygon POINTS="29 609 105 609 105 608 110 607 151 597 194 603 195 603 197 603 225 595 357 603 411 607 412 607 448 602 510 594 586 600 601 601 602 601 618 600 683 593 697 599 712 604 713 604 714 606 791 606 791 604 907 603 909 603 910 603 919 597 938 603 939 603 940 603 1008 594 1036 590 1201 590 1202 577 1199 540 1092 540 1089 539 1079 532 1078 532 1076 532 1075 532 1074 532 1073 532 1063 538 1061 540 805 541 781 535 716 519 715 519 714 519 606 526 419 520 418 520 363 528 347 521 346 521 344 521 296 528 255 521 254 521 253 521 232 531 217 536 204 529 202 529 201 529 200 529 191 529 131 534 117 529 100 522 99 522 98 522 65 528 41 533 29 528 29 584 29 609"/></Shape>
	    <String CONTENT="us avez eû l&#x27;addresse de temperer dans"
                    HPOS="29"
                    VPOS="519"
                    WIDTH="1173"
                    HEIGHT="90"></String>
          </TextLine>

          
          
          <TextLine ID="eSc_line_ec6bfee4"
                    TAGREFS="LT2093"
                    BASELINE="34 686 1207 676" 
                    HPOS="32"
                    VPOS="630"
                    WIDTH="1175"
                    HEIGHT="74">
            <Shape><Polygon POINTS="34 686 34 704 293 695 308 700 309 700 310 700 426 693 1073 695 1074 695 1075 695 1101 688 1204 693 1207 676 1204 638 1144 637 1143 637 1142 637 1139 638 1126 644 1094 640 1063 635 1062 635 1061 635 1041 641 1021 645 978 641 968 641 967 641 946 642 869 647 856 643 836 637 835 637 834 637 832 637 811 644 797 648 784 644 768 640 767 640 765 640 703 645 662 649 631 647 553 640 552 640 513 648 509 649 504 649 436 630 435 630 434 630 293 631 232 633 231 633 193 648 104 640 103 640 32 655 34 686"/></Shape>
	    <String CONTENT="vostre tableau cette amas et Confusions"
                    HPOS="32"
                    VPOS="630"
                    WIDTH="1175"
                    HEIGHT="74"></String>
          </TextLine>

          
          
          <TextLine ID="eSc_line_4b955e50"
                    TAGREFS="LT2093"
                    BASELINE="30 780 1212 772" 
                    HPOS="29"
                    VPOS="718"
                    WIDTH="1183"
                    HEIGHT="88">
            <Shape><Polygon POINTS="30 780 30 804 197 806 198 806 199 806 211 802 240 792 249 798 251 798 252 798 253 798 254 798 288 790 321 797 322 797 392 788 458 788 483 798 484 798 485 798 486 798 503 791 567 791 587 798 588 798 590 798 591 798 612 788 741 787 762 797 765 798 767 798 768 798 769 798 775 797 789 792 805 795 831 801 832 801 834 801 855 795 884 786 930 785 1045 793 1052 793 1053 793 1054 793 1055 793 1082 784 1108 792 1124 798 1126 798 1127 798 1211 791 1212 772 1210 739 1169 734 1168 734 1146 738 1129 742 1119 738 1106 734 1104 734 1103 734 1025 738 929 743 911 738 869 725 868 725 866 725 865 725 830 738 812 744 798 738 757 718 756 718 755 718 647 719 646 719 607 733 541 731 513 720 512 720 511 720 510 720 509 720 482 737 464 747 399 747 383 739 382 739 381 739 380 739 350 746 326 737 324 737 323 737 322 737 321 737 304 747 234 747 206 736 174 723 173 723 69 723 68 723 66 723 29 734 30 780"/></Shape>
	    <String CONTENT="de figures par la subtilite, des jours que"
                    HPOS="29"
                    VPOS="718"
                    WIDTH="1183"
                    HEIGHT="88"></String>
          </TextLine>

          
          
          <TextLine ID="eSc_line_91443bc5"
                    TAGREFS="LT2093"
                    BASELINE="34 876 1192 870" 
                    HPOS="32"
                    VPOS="828"
                    WIDTH="1160"
                    HEIGHT="74">
            <Shape><Polygon POINTS="34 876 34 902 111 901 112 901 161 886 234 890 235 890 236 890 260 883 315 895 316 895 317 895 355 886 392 895 394 895 395 895 432 887 477 890 478 890 507 885 530 892 531 892 532 892 614 885 655 890 656 890 685 885 794 886 795 886 796 886 816 879 838 879 862 890 863 890 864 890 966 881 1011 889 1022 892 1024 892 1025 892 1029 889 1042 882 1110 888 1158 893 1160 893 1191 887 1192 870 1190 841 1141 831 1140 831 1139 831 1116 838 977 832 975 832 941 840 929 844 831 844 822 839 815 836 814 836 812 836 769 839 748 840 742 839 707 828 706 828 704 828 640 834 586 828 585 828 584 828 566 838 524 833 523 833 521 833 504 838 480 845 430 839 429 839 392 845 376 838 365 833 364 833 363 833 341 838 317 842 304 838 286 829 285 829 283 829 211 831 209 831 190 836 159 846 139 839 138 839 137 839 136 839 118 846 72 836 49 832 48 832 46 832 32 835 34 876"/></Shape>
	    <String CONTENT="vous leurs en avez donné, Exprimant"
                    HPOS="32"
                    VPOS="828"
                    WIDTH="1160"
                    HEIGHT="74"></String>
          </TextLine>

          
          
          <TextLine ID="eSc_line_06a78e3d"
                    TAGREFS="LT2093"
                    BASELINE="30 970 1191 968" 
                    HPOS="29"
                    VPOS="916"
                    WIDTH="1162"
                    HEIGHT="80">
            <Shape><Polygon POINTS="30 970 30 984 113 983 123 984 146 990 147 990 148 990 163 984 168 983 181 984 248 995 249 996 361 996 361 995 423 987 480 995 482 995 544 985 608 995 609 995 715 984 741 982 757 984 802 991 803 991 804 991 823 984 830 982 843 984 879 990 880 990 882 990 893 984 898 982 912 984 938 988 939 988 971 984 990 982 1095 982 1104 984 1128 989 1129 989 1130 989 1143 984 1148 982 1189 983 1191 968 1189 935 1149 929 1148 929 1120 934 1108 935 1104 934 1092 924 1090 924 1089 924 1088 924 1040 933 1008 938 903 938 872 930 864 928 863 928 862 928 845 929 818 933 811 929 788 916 787 916 756 916 755 916 754 916 715 928 689 935 590 928 588 928 532 940 348 940 314 922 304 917 303 917 220 917 219 917 218 917 208 921 187 928 150 920 137 917 136 917 29 917 30 970"/></Shape>
	    <String CONTENT="dans chaque au Naturel par l&#x27;artifice"
                    HPOS="29"
                    VPOS="916"
                    WIDTH="1162"
                    HEIGHT="80"></String>
          </TextLine>

          
          
          <TextLine ID="eSc_line_fafd7598"
                    TAGREFS="LT2093"
                    BASELINE="26 1065 1231 1058" 
                    HPOS="25"
                    VPOS="1010"
                    WIDTH="1206"
                    HEIGHT="77">
            <Shape><Polygon POINTS="26 1065 26 1079 111 1087 112 1087 156 1079 167 1077 179 1078 198 1081 199 1081 217 1078 231 1076 235 1078 240 1081 241 1081 242 1081 243 1081 245 1081 246 1081 251 1078 256 1076 333 1076 346 1077 402 1086 403 1086 404 1086 405 1086 419 1077 435 1077 487 1074 496 1076 534 1085 536 1085 537 1085 556 1076 557 1074 559 1076 574 1085 575 1085 577 1085 578 1086 628 1086 628 1085 878 1073 909 1072 914 1073 961 1083 963 1083 964 1083 985 1072 986 1071 1032 1071 1034 1072 1048 1078 1049 1078 1128 1081 1129 1081 1230 1070 1231 1058 1228 1028 1096 1028 1089 1025 1061 1015 1060 1015 1059 1015 992 1024 957 1010 956 1010 954 1010 953 1010 919 1023 878 1010 877 1010 876 1010 875 1010 842 1023 832 1026 783 1022 771 1022 770 1022 769 1022 768 1022 750 1029 699 1024 697 1024 544 1031 493 1021 492 1021 424 1032 355 1023 354 1023 353 1023 351 1023 336 1032 297 1017 288 1013 287 1013 286 1013 25 1013 26 1065"/></Shape>
	    <String CONTENT="de Vostre pinceau les gestes Et les de com-"
                    HPOS="25"
                    VPOS="1010"
                    WIDTH="1206"
                    HEIGHT="77"></String>
          </TextLine>

          
          
          <TextLine ID="eSc_line_eaad3464"
                    TAGREFS="LT2093"
                    BASELINE="31 1159 1221 1162" 
                    HPOS="31"
                    VPOS="1117"
                    WIDTH="1190"
                    HEIGHT="65">
            <Shape><Polygon POINTS="31 1159 31 1179 127 1173 146 1179 150 1180 151 1180 152 1181 274 1181 274 1180 275 1180 279 1179 289 1174 358 1178 397 1180 398 1180 411 1178 432 1174 459 1178 487 1181 489 1181 490 1181 505 1178 520 1174 534 1178 550 1181 551 1181 552 1182 653 1182 653 1181 761 1176 819 1174 824 1176 834 1181 835 1181 836 1181 911 1175 925 1175 927 1175 944 1181 945 1181 1100 1182 1101 1182 1102 1182 1119 1175 1121 1175 1181 1181 1182 1181 1219 1174 1221 1162 1219 1122 1085 1120 1083 1120 1070 1121 1015 1127 993 1121 990 1120 988 1120 987 1120 986 1120 985 1120 985 1121 972 1127 869 1125 868 1125 825 1131 792 1122 791 1122 790 1122 756 1127 740 1120 737 1119 736 1119 735 1119 734 1119 731 1119 706 1131 463 1131 425 1118 424 1118 423 1118 388 1118 387 1118 385 1118 384 1118 362 1130 213 1130 150 1118 148 1118 95 1128 31 1117 31 1159"/></Shape>
	    <String CONTENT="portements d&#x27;une occasion si pressante ; En"
                    HPOS="31"
                    VPOS="1117"
                    WIDTH="1190"
                    HEIGHT="65"></String>
          </TextLine>

          
          
          <TextLine ID="eSc_line_bd460a8d"
                    TAGREFS="LT2093"
                    BASELINE="37 1261 1203 1258" 
                    HPOS="37"
                    VPOS="1213"
                    WIDTH="1166"
                    HEIGHT="76">
            <Shape><Polygon POINTS="37 1277 109 1288 110 1289 254 1289 254 1288 255 1288 281 1277 285 1275 381 1271 397 1277 404 1280 405 1280 407 1280 408 1280 418 1277 439 1271 459 1277 465 1278 466 1278 468 1278 469 1278 476 1277 497 1271 509 1277 530 1288 531 1288 532 1289 619 1289 619 1288 699 1287 700 1287 720 1276 727 1273 757 1270 787 1276 808 1281 809 1281 841 1276 872 1271 887 1276 891 1277 892 1277 893 1277 910 1276 973 1270 1201 1275 1203 1258 1201 1228 1147 1216 1146 1216 1144 1216 1112 1226 1078 1213 1076 1213 1075 1213 1007 1222 975 1213 974 1213 913 1213 912 1213 911 1213 895 1220 873 1213 872 1213 801 1213 799 1213 798 1213 764 1224 751 1220 750 1220 749 1220 726 1224 719 1226 708 1224 620 1213 619 1213 563 1223 538 1229 354 1229 320 1222 303 1220 302 1220 301 1220 294 1222 278 1228 246 1222 239 1221 238 1221 232 1222 205 1229 60 1229 37 1221 37 1261 37 1277"/></Shape>
	    <String CONTENT="core que vous n&#x27;ayez pas Cueilly de ces"
                    HPOS="37"
                    VPOS="1213"
                    WIDTH="1166"
                    HEIGHT="76"></String>
          </TextLine>

          
          
          <TextLine ID="eSc_line_e4d69bc8"
                    TAGREFS="LT2093"
                    BASELINE="32 1353 1191 1358" 
                    HPOS="31"
                    VPOS="1301"
                    WIDTH="1160"
                    HEIGHT="84">
            <Shape><Polygon POINTS="32 1353 31 1370 164 1367 184 1372 219 1382 220 1382 221 1382 276 1373 283 1372 289 1373 334 1383 335 1383 392 1373 423 1369 445 1373 459 1377 460 1377 510 1375 595 1369 614 1375 625 1378 626 1378 627 1378 628 1378 636 1375 646 1370 656 1375 675 1384 676 1384 678 1385 815 1385 815 1384 816 1384 837 1376 844 1373 871 1376 951 1384 952 1384 953 1384 970 1377 981 1371 1189 1377 1191 1358 1189 1319 1061 1325 1049 1318 1048 1318 1047 1318 1046 1318 1045 1318 1022 1325 992 1316 971 1309 970 1309 968 1309 967 1309 953 1315 929 1325 879 1314 837 1304 836 1304 801 1312 754 1325 716 1325 672 1310 651 1304 649 1304 648 1304 647 1304 646 1304 636 1310 612 1324 592 1324 572 1311 571 1311 570 1311 568 1311 567 1311 525 1323 495 1315 493 1315 492 1315 491 1315 457 1324 336 1324 286 1322 242 1304 241 1304 240 1304 239 1304 220 1309 207 1303 205 1302 204 1302 32 1301 32 1353"/></Shape>
	    <String CONTENT="fruicts qui croissent il y a plus de seize"
                    HPOS="31"
                    VPOS="1301"
                    WIDTH="1160"
                    HEIGHT="84"></String>
          </TextLine>

          
          
          <TextLine ID="eSc_line_b112f48b"
                    TAGREFS="LT2093"
                    BASELINE="34 1451 681 1458 1197 1452" 
                    HPOS="32"
                    VPOS="1401"
                    WIDTH="1165"
                    HEIGHT="73">
            <Shape><Polygon POINTS="32 1466 186 1472 187 1472 403 1466 470 1465 475 1466 491 1472 492 1472 493 1472 617 1467 782 1473 783 1473 784 1473 811 1466 829 1473 830 1473 831 1474 948 1474 948 1473 1004 1466 1005 1466 1078 1473 1079 1473 1080 1473 1095 1466 1158 1472 1160 1472 1196 1465 1197 1452 1195 1404 1147 1405 1146 1405 1112 1419 1063 1405 1062 1405 1061 1405 1060 1405 1013 1420 925 1420 885 1404 884 1404 775 1404 774 1404 773 1404 749 1416 716 1405 715 1405 714 1405 713 1405 712 1405 688 1420 673 1420 625 1404 624 1404 622 1404 621 1404 584 1418 540 1403 539 1403 538 1403 485 1412 421 1403 419 1403 418 1403 388 1419 147 1419 125 1407 124 1407 123 1407 85 1416 35 1401 34 1451 32 1466"/></Shape>
	    <String CONTENT="cens ans sur les bords du Tibre et dans"
                    HPOS="32"
                    VPOS="1401"
                    WIDTH="1165"
                    HEIGHT="73"></String>
          </TextLine>

          
          
          <TextLine ID="eSc_line_b3ef5602"
                    TAGREFS="LT2093"
                    BASELINE="34 1541 818 1550 1224 1544" 
                    HPOS="32"
                    VPOS="1482"
                    WIDTH="1192"
                    HEIGHT="96">
            <Shape><Polygon POINTS="34 1541 32 1556 75 1563 76 1563 77 1563 78 1563 87 1557 92 1555 120 1555 126 1557 146 1566 147 1566 148 1566 150 1566 173 1557 206 1557 304 1556 312 1557 355 1571 356 1571 357 1571 408 1561 445 1569 446 1569 448 1569 469 1563 502 1567 503 1567 504 1567 525 1559 526 1559 529 1559 573 1568 574 1568 575 1568 577 1568 591 1559 592 1559 593 1559 621 1567 622 1567 624 1567 656 1564 676 1575 678 1575 679 1575 730 1563 791 1567 792 1567 828 1560 829 1560 856 1576 857 1576 858 1576 859 1577 924 1577 924 1576 925 1576 943 1567 1008 1562 1093 1577 1094 1578 1177 1578 1177 1577 1178 1577 1223 1561 1224 1544 1223 1510 1039 1505 1038 1505 1026 1507 992 1515 933 1507 932 1507 877 1515 642 1514 613 1501 575 1486 574 1486 487 1484 486 1484 432 1485 431 1485 398 1498 378 1506 317 1502 308 1496 288 1486 287 1486 251 1484 249 1484 248 1484 232 1488 134 1482 133 1482 132 1482 105 1494 103 1494 98 1493 63 1486 62 1486 34 1492 34 1541"/></Shape>
	    <String CONTENT="les Jardins d&#x27;Athenes ; Le Corps si maje-"
                    HPOS="32"
                    VPOS="1482"
                    WIDTH="1192"
                    HEIGHT="96"></String>
          </TextLine>

          
          
          <TextLine ID="eSc_line_a486fd11"
                    TAGREFS="LT2093"
                    BASELINE="31 1638 687 1646 1205 1641" 
                    HPOS="31"
                    VPOS="1593"
                    WIDTH="1174"
                    HEIGHT="71">
            <Shape><Polygon POINTS="31 1638 31 1659 51 1652 68 1658 69 1658 70 1658 127 1652 152 1659 153 1659 154 1659 156 1659 186 1659 409 1654 428 1658 442 1662 443 1662 444 1662 460 1658 480 1654 495 1658 510 1663 511 1663 512 1664 787 1664 787 1663 821 1657 822 1657 825 1657 964 1664 965 1664 999 1656 1002 1656 1204 1656 1205 1641 1204 1610 1104 1601 1103 1601 1102 1601 1083 1609 1083 1610 1046 1610 1045 1609 995 1595 994 1595 903 1595 902 1595 900 1595 899 1595 878 1608 719 1608 685 1594 683 1594 634 1594 633 1594 632 1594 598 1608 597 1608 573 1600 572 1600 571 1600 570 1600 546 1608 545 1608 539 1608 472 1601 471 1601 431 1607 391 1593 390 1593 282 1593 281 1593 280 1593 235 1607 234 1607 164 1607 106 1607 69 1597 68 1597 31 1605 31 1638"/></Shape>
	    <String CONTENT="stueux de vostre tableau semble avoir"
                    HPOS="31"
                    VPOS="1593"
                    WIDTH="1174"
                    HEIGHT="71"></String>
          </TextLine>

          
          
          <TextLine ID="eSc_line_7b8a7fed"
                    TAGREFS="LT2093"
                    BASELINE="36 1738 527 1746 1237 1744" 
                    HPOS="35"
                    VPOS="1690"
                    WIDTH="1202"
                    HEIGHT="77">
            <Shape><Polygon POINTS="36 1738 35 1753 350 1765 351 1765 395 1755 396 1755 437 1765 438 1765 593 1759 620 1766 621 1766 622 1767 675 1767 675 1766 676 1766 702 1757 724 1766 726 1766 727 1766 929 1758 965 1767 966 1767 967 1767 1236 1758 1237 1744 1235 1706 1123 1709 1107 1705 1058 1693 936 1693 934 1693 933 1693 914 1703 868 1692 866 1692 791 1700 773 1696 771 1696 770 1696 769 1696 742 1703 726 1707 707 1703 685 1698 683 1698 682 1698 673 1703 663 1709 523 1709 504 1702 468 1691 466 1691 465 1691 422 1692 421 1692 399 1702 388 1707 265 1707 242 1700 235 1699 234 1699 233 1699 232 1699 231 1699 228 1700 218 1707 145 1707 129 1700 102 1690 100 1690 99 1690 36 1699 36 1738"/></Shape>
	    <String CONTENT="esté nourry du mesme suc Et de la mesme"
                    HPOS="35"
                    VPOS="1690"
                    WIDTH="1202"
                    HEIGHT="77"></String>
          </TextLine>

          
        </TextBlock>
        

        
      </PrintSpace>
    </Page>
  </Layout>
</alto>
