1539 2106
257 182 1197 81 ble Monarque, Et les heroïques actions

253 283 1202 87 de ſes braves gueriers ; Vous nous apprenez

259 370 1155 92 que de traiter dignement de ce grand art,

249 458 1217 103 que l'on appelle peinture, C'est un chef-doeu

262 569 1196 99 vre qui n'appartient proprement qu'aux

261 644 1223 100 Maistres de ce noble art ; la dignité de vr̃e

267 749 1221 96 sujet Est Esgalement soustenüe par la for-

269 849 1205 82 ce de vostre peinceau, et par la vigueur de

277 946 1187 84 vos Couleurs ; La grace de vos Expressions

270 1044 1191 93 respond entierement a la grandeur de vos

268 1138 1214 92 pensées ; vous avez fait ce que les peintr-

274 1233 1233 97 es de L'antiquité n'ont osé entreprendre ; vo-

275 1326 1211 99 us avez satisfait a L'esperance de sa Ma-

265 1419 1233 109 jeste ; Et par vostre Exellent genie, la pein-

274 1525 1226 103 ture paroist aujourduy en la mesme pom-

279 1616 1196 119 pe Et majesté qu'elle parut autrefois, ou

275 1726 766 106 grecque, ou Romaine ./.
