1505 2056
37 41 609 66 Dans ce moment Hasaël appella Mentor.

35 113 608 67 je me prosternai devant lui. il fut surpris

22 194 645 60 de voir un inconnu en cette posture. que

87 258 53 40 vous

22 272 660 74 voulez ⎀ vous me dit il ? la vie, repondis je. car je

27 368 651 78 ne puis vivre, >sans< si vous ne souffrez que je

20 453 662 64 suive Mentor qui est a vous. je suis le fils

14 536 649 78 du grand Ulysse le plus sage des rois

13 635 664 67 de la grece qui ont renversé la superbe

12 723 671 65 ville de Troye >co< fameuse dans toute

17 818 693 62 l'Asie. je ne vous dis point ma naissance

18 919 705 61 pour me vanter, mais ⎀ pour vous inspirer

349 885 157 45 seulement

17 1005 650 70 quelque pitié de mes malheurs. j'ai

14 1109 721 65 cherché mon pere par toutes les mers, ayant

19 1206 664 63 avec moi cet homme, qui étoit pour

15 1294 670 67 moi un autre pere. la fortune pour

17 1388 685 64 comble de maux me l'a enlevé, elle l'a

21 1478 669 69 fait vôtre esclave. Souffrez que je le sois

19 1568 667 73 aussi. s'il est vrai que vous aimez la

33 1660 659 68 justice, et que vous alliez en Crete pour

33 1748 659 82 apprendre les loix du bon Roi Minos,

1114 6 63 125 >17<

1187 46 72 97 65.
