1510 2004
197 43 687 56 non non, lui dis je, mon cher Mentor, il ne

188 115 653 59 dependra pas de vous de me laisser ici

188 199 679 62 plustost mourir que de vous voir partir

184 274 709 74 sans moi. ce maître Syrien est il impitoyable

190 361 671 65 est ce une tygresse dont il a succé les

184 447 681 65 mammelles dans son enfance ? voudra

182 529 689 67 t'il vous >em< arracher d'entre mes bras

185 605 696 84 il faut qu'il me donne la mort, ou qu'il

181 700 689 72 souffre que je vous suive vous >voyez<

177 787 703 76 m'exhortez vous même a fuïr, et vous ne

180 876 724 74 voulez pas que je fuye en suivant vos pas

182 953 719 80 >< je vais parler a Hasaël il >sera touché<

178 1040 728 82 >de n< il aura peut-être pitié de ma jeunesse

175 1126 722 87 et de mes larmes. puisqu'il aime la sagesse

174 1211 699 84 et qu'il va si loin la chercher, il ne

181 1308 692 70 peut point avoir un cœur feroce et

177 1399 706 75 insensible, je me jetterai a ses pieds, ><

173 1476 730 97 j'embrasserai ses genouils je ne le laisserai

173 1573 698 80 point aller qu'il ne m'ait accordé de vous

173 1645 677 84 suivre. mon cher Mentor je me ferai

175 1731 698 80 esclave avec vous. je lui offrirai de me

452 1786 57 42 me

175 1788 899 132 donner a lui. S'il refuse, c'est fait. je ne delivrerai de la vie.
