1505 2056
26 45 637 65 voulurent se défaire de moi croyant en tirer

29 117 664 64 une grande somme d'un nommé Hasaïl

28 198 626 71 qui cherchoit un esclave grec pour

25 284 661 65 connoitre les mœurs de la grece, et pour

23 366 842 78 s'instruire de nos sciences. ⎀ Hasaël m'acheta cherement.

338 341 98 45 en effet

23 459 640 62 que je lui ai appris de nos moeurs lui

90 510 147 46 >une extrem<

25 542 662 66 a donné la curiosité de passer dans l'isle

22 633 639 60 >< Crete pour étudier les sages loix de

182 694 102 45 pendant

28 724 645 59 Minos. >dans< nôtre navigation les vents

21 812 661 59 nous ont contraints de relascher dans l'isle

22 902 659 60 de Chypre. en attendant un vent ><

27 994 658 67 favorable, il est venu faire ses offrandes

21 1089 656 58 au temple. le voila qui en sort- les vents

234 1139 38 60 déja

26 1176 655 69 nous appellent: ⎀ nos voiles s'enflent adieu

28 1264 997 87 cher Telemaque. un esclave ⎀ doit suivre >gayement< fidellement

365 1234 258 49 qui craint les Dieux

41 1367 681 64 son maitre. les Dieux ne me permettent

22 1463 664 63 plus d'être a moi - si j'etais a moi, ils le

20 1555 667 72 lavent, je ne serois qu'a vous. ⎀ adieu,

486 1540 62 44 seul

142 1616 173 44 des travaux

37 1651 646 66 souvenez vous ⎀ d'ulysses et des larmes

31 1740 1168 73 de Penelope. souvenez vous des justes Dieux. ô Dieux protecteurs de l'innocence

20 1804 816 113 en quelle terre suis je contraint de >vous< laisser Telemaque.

1135 75 80 56 64.
